2132 3346
242 915 294 940 455

246 1919 298 1944 470

247 2257 299 2282 475

354 164 444 205 144
580 171 768 204 SERIUM
790 170 1095 204 SENECTUTIS

354 298 534 339 cionata
552 295 964 338 commendacione
984 294 1132 336 solam
1151 308 1258 336 sum
1277 286 1423 335 seriis¹
1445 294 1493 335 in
1511 293 1844 335 assercionibus
1865 306 2037 334 sermo-

354 363 601 405 cinacionis
613 361 907 404 acerbitatem
917 360 1178 417 superficiei
1188 359 1525 416 contemplatus
1537 359 1613 401 uel
1624 359 2037 407 inconcinnitatem,

355 429 439 472 sed
465 434 510 471 et
535 429 778 471 intrinsece
802 426 1190 470 considerandam
1215 427 1373 469 censui
1398 426 1534 482 longe
1559 425 1772 468 licencius
1799 425 2038 481 multoque

354 495 770 539 commendabilius
791 494 1181 551 subintelligencie
1200 494 1517 535 sinceritatem.

419 563 519 618 [27.]
541 564 653 605 Non
668 563 793 605 enim
809 561 898 604 tale
915 561 1077 604 talium
1093 560 1383 603 sermonibus
1400 561 1463 602 sic
1481 561 1609 602 seriis
1626 558 2039 616 procommendaui

356 629 704 673 matrimonialis
738 628 947 671 sodalicii
978 633 1264 670 contractum
1296 627 1424 684 quod
1458 627 1692 669 nocturnis
1726 625 1959 682 genialiter
1990 626 2040 667 in

356 688 566 740 occultis²
594 696 683 739 sub
712 696 862 738 lodice
892 686 1124 752 gerendis³
1155 693 1547 736 matrimonialiter
1576 693 1737 735 talium
1765 693 2039 735 convenien-

356 765 531 807 tissime
559 764 914 806 coniunctorum
941 776 1193 804 venereum
1222 760 1556 817 contemplarer
1585 759 1772 817 aliquod
1802 760 1866 801 sic
1895 758 2039 801 fando

355 831 567 873 futurum
583 830 682 872 fore
697 829 960 872 feditatisve
975 828 1244 870 colludium.
1261 828 1359 869 Nec
1375 827 1527 869 adhuc
1545 827 1664 868 adeo
1678 827 1833 868 cornei
1848 825 2040 882 quidem

356 912 463 940 sum
481 911 660 947 sensus,
677 896 880 939 ebetisve
898 896 1135 945 memorie,
1151 894 1228 936 uel
1244 894 1483 936 facillantis
1501 894 1684 950 ingenii,
1701 894 1814 949 quin
1829 893 2040 949 ipsorum

356 965 604 1007 bellissime
629 978 726 1006 non
750 964 905 1005 minus
931 976 1074 1019 quam
1099 966 1412 1018 competenter
1436 966 1481 1003 et
1506 960 1908 1017 expedientissime
1933 972 2040 1001 con-

357 1033 620 1074 iunctorum
642 1044 833 1087 prorsus
855 1031 1217 1086 incompetentes
1239 1028 1300 1070 ad
1322 1028 1428 1070 talia
1449 1028 1689 1084 presertim
1710 1026 1920 1069 funditus
1941 1025 2040 1068 fore

356 1113 452 1141 non
468 1099 623 1140 minus
640 1111 783 1155 quam
800 1097 943 1139 fuisse
960 1096 1128 1138 fuerim
1143 1095 1431 1152 copulatiuas
1449 1094 1673 1151 quaslibet
1689 1093 1765 1135 uel
1782 1095 1830 1135 in
1846 1092 2040 1149 superfi-

356 1167 424 1208 cie
439 1165 779 1222 contemplatus
796 1165 1097 1206 attentissime
1111 1163 1468 1205 coniunctiones.
1486 1162 1596 1203 Non
1611 1167 1766 1203 tamen
1779 1174 1883 1202 eam
1899 1173 2040 1216 quam

357 1238 478 1275 retro
501 1232 647 1275 libens
670 1246 834 1274 eorum
856 1245 1055 1287 meoque
1078 1229 1366 1272 laudabiliter
1388 1229 1596 1271 examine
1618 1226 2041 1285 precommendaui,

357 1315 440 1343 nec
454 1301 608 1342 minus
621 1305 666 1341 et
679 1298 824 1356 opido
837 1312 960 1340 nunc
973 1297 1279 1354 hylariterque
1291 1295 1584 1344 commendo,
1597 1296 1795 1337 maxime
1808 1294 2041 1336 matrimo-

357 1367 526 1410 nialem
542 1366 789 1423 reprobare
804 1365 881 1407 uel
897 1365 1126 1407 ullatenus
1143 1363 1368 1420 impedire
1385 1377 1460 1405 me
1476 1362 1551 1404 uel
1567 1362 1684 1404 velle
1700 1361 1776 1404 uel
1792 1375 1930 1418 posse
1946 1361 2042 1417 pati

358 1426 572 1492 possum⁴
587 1438 906 1491 perpetuoque
920 1432 1192 1474 duraturam
1204 1430 1644 1472 confederacionem.
1659 1429 1833 1471 Reuera
1846 1442 1942 1470 non
1954 1427 2040 1469 alia

358 1502 540 1543 racione
553 1500 640 1542 feci
653 1500 861 1541 facereve
874 1499 1139 1555 presumpsi
1152 1503 1247 1539 tam
1260 1496 1639 1552 coniungibilium
1653 1493 2042 1536 matrimonialita-

359 1568 415 1609 tis
438 1568 728 1609 mencionem
750 1566 838 1607 nisi
859 1565 988 1621 quod
1011 1565 1363 1606 coniunctorum
1385 1563 1688 1604 necessariam
1708 1560 2041 1603 coniunctionis

358 1635 599 1676 innuerem
620 1632 969 1675 matrimonialis
992 1631 1053 1673 ad
1076 1632 1217 1673 instar
1238 1630 1407 1672 federis
1429 1629 1527 1671 fore
1548 1629 1914 1685 perpetuitatem,
1934 1639 2042 1668 con-

359 1701 580 1757 tractique
597 1714 694 1742 non
711 1700 865 1741 minus
885 1698 945 1740 ad
964 1698 1162 1740 modum
1181 1696 1621 1752 similitudinemque
1639 1694 1931 1742 matrimonii,
1949 1693 2042 1735 vite

358 1767 643 1823 viuendique
659 1771 933 1823 perpetuam
947 1764 1296 1807 consuetudinis
1313 1762 1701 1810 indiuiduitatem,
1717 1761 1832 1803 dum
1849 1760 2043 1802 diuorcii

360 1834 712 1876 diuiduitatisue
744 1832 945 1889 qualibet
978 1832 1124 1873 eciam
1155 1844 1293 1872 causa
1327 1830 1553 1872 remocius
1586 1828 1860 1870 amandetur
1892 1827 2042 1868 omnis

359 1906 569 1950 euentus,
597 1900 658 1943 ad
687 1899 1058 1957 perpetuandam
1085 1897 1476 1940 confederacionis
1505 1895 1624 1938 adeo
1651 1894 1793 1937 felicis
1821 1899 1866 1936 et
1893 1893 2043 1935 fauste

360 1968 718 2025 fauorabilisque
737 1967 1016 2010 firmitatem.

424 2036 524 2092 [28]
546 2037 643 2079 Tua
675 2035 751 2078 uel
783 2049 906 2078 nunc
952 2033 1070 2091 136v1
1115 2039 1370 2090 temperare
1402 2046 1521 2081 meo,
1554 2030 1773 2087 Philippe,
1805 2030 1844 2072 si
1876 2041 2043 2071 sanum

361 2119 522 2162 sapere
542 2109 840 2146 sensatumve
859 2117 1007 2152 curas,
1026 2101 1218 2144 consilio
1238 2114 1403 2158 parens
1424 2114 1450 2141 a
1470 2100 1756 2156 procacitate,
1776 2111 1834 2139 ne
1853 2111 1928 2139 me
1948 2101 2042 2138 tam

361 2178 532 2215 temere
551 2177 739 2228 tamque
758 2171 1033 2228 proteruiter
1052 2168 1304 2226 arguendo,
1323 2168 1568 2225 precipuos
1588 2167 1636 2208 in
1653 2165 1846 2208 sciencia
1866 2163 2044 2206 litterali

361 2254 444 2296 per
457 2239 841 2295 consequenciam
856 2237 1155 2294 quamplures
1171 2249 1362 2292 arguere
1375 2235 1575 2276 videaris
1590 2232 2044 2286 contradictoriisque

361 2312 482 2349 retro
510 2306 692 2348 iudiciis
721 2305 1035 2347 autenticatos.
1064 2305 1160 2345 Aut
1188 2302 1350 2344 saltem
1378 2302 1417 2343 si
1444 2300 1614 2357 splenis
1642 2300 1762 2341 vicio
1790 2298 1894 2355 plus
1923 2298 2044 2339 iusto

362 2374 609 2431 petulantis
623 2387 649 2415 a
663 2372 926 2429 garrulitate
939 2370 1176 2427 superflua
1190 2369 1541 2426 paruiloquioue
1555 2367 1774 2409 desistere
1786 2379 1882 2407 non
1893 2365 2044 2421 possis

361 2441 438 2483 uel
455 2455 481 2483 a
498 2440 750 2496 cachynno,
767 2453 910 2481 manu
928 2443 1023 2480 tota
1041 2443 1175 2480 tuum
1191 2436 1267 2479 uel
1284 2436 1430 2492 digito
1446 2448 1688 2491 compesce
1706 2432 1935 2480 labellum,
1951 2445 2045 2487 quo

362 2509 426 2550 sic
458 2513 554 2550 arte
584 2507 661 2549 uel
692 2506 885 2549 artificio
915 2505 1152 2547 viribusue
1183 2503 1259 2546 uel
1289 2503 1511 2545 violencia
1544 2500 1817 2558 garrulitatis
1849 2500 2044 2541 intactus

362 2566 556 2617 euadas⁵
582 2574 702 2616 adeo
727 2573 819 2615 vile
843 2572 1142 2628 vituperium,
1167 2570 1545 2627 procacitatisque
1572 2573 1666 2609 tam
1691 2566 1875 2608 vitabile
1900 2565 2045 2606 vilita-

363 2643 481 2684 tisue
496 2643 682 2683 vicium.
701 2640 905 2683 Liberius
922 2644 966 2681 et
983 2653 1071 2695 ego
1088 2638 1394 2693 licenciusque
1412 2641 1505 2678 tam
1522 2635 1638 2677 belle
1654 2633 2046 2680 conveniencium,

437 2886 448 2908 ¹
466 2902 551 2926 sum
568 2890 683 2934 seriis]
701 2889 891 2925 sumsen‘is
908 2890 930 2924 S

436 2942 450 2965 ²
466 2947 583 2981 oculis
599 2948 622 2981 S

436 2999 451 3021 ³
467 3005 490 3038 S
506 3004 557 3038 ad.
576 3003 678 3049 quod
697 3002 801 3049 before
817 3000 1135 3036 matrimonialiter

436 3054 451 3076 ⁴
467 3070 543 3095 non
560 3070 715 3106 possum
732 3060 755 3093 S

437 3109 451 3132 ⁵
468 3116 625 3151 intactus
641 3114 795 3158 euadas]
813 3114 951 3149 nitatus
967 3113 1084 3147 vadas
1101 3113 1124 3147 S
