2132 3346
245 510 297 536 1³0

244 845 296 870 1³5

243 1180 294 1205 140

242 1514 294 1539 145

242 1849 293 1875 150

241 2184 292 2209 155

239 2521 291 2546 160

359 162 449 204 170
585 171 774 204 SERHJM
794 171 1100 205 SENECTUTIS

359 300 416 337 te.
447 295 537 337 Sed
569 300 614 337 et
645 296 763 338 inter
793 295 1008 338 animalia
1039 296 1126 338 soli
1156 297 1371 339 minimas
1402 297 1658 340 subsistunt
1687 298 1898 341 homines
1929 300 2040 341 citra

359 360 704 403 delectaciones:
730 361 847 404 dum
869 376 983 404 uero
1006 362 1218 404 volucres
1241 377 1349 405 cum
1372 363 1552 405 libuerit
1575 365 1624 406 in
1645 364 1797 406 solido
1820 365 2041 407 deambu-

358 427 466 477 lant,
488 433 533 469 et
556 428 604 470 in
625 427 767 470 aridis
791 428 1076 471 delectantur
1096 434 1142 471 et
1163 430 1213 471 in
1233 430 1433 486 aquosiS,
1456 444 1541 486 pro
1563 431 1711 487 passis
1734 430 1972 473 eleuantur
1993 432 2043 474 in

359 508 464 536 aera
480 495 659 551 pennis,
675 508 836 537 reuera
852 494 985 537 lentis
1002 494 1146 537 homo
1162 495 1382 552 gradibus
1399 496 1606 553 graditur
1621 497 1669 539 in
1684 496 1784 539 solo
1801 497 2042 540 dumtaxat

358 566 403 603 et
422 562 471 603 in
489 561 642 603 solido
661 562 828 618 segnis.

422 627 494 683 [7.]
515 628 606 671 Sed
633 642 717 671 nec
743 628 844 679 sibi,
870 630 910 671 si
936 643 1104 671 sanum
1129 630 1291 687 sapiat,
1317 629 1484 672 stolide
1509 630 1771 673 blandiatur
1795 631 1938 674 homo
1963 631 2041 674 uel

357 695 662 752 congaudeat,
676 695 1034 752 superciliumve
1047 696 1266 753 fragilitas
1280 696 1576 739 humanitatis
1590 697 1757 740 stolide
1770 698 2040 755 superbiens

357 761 543 804 extollat
566 762 695 819 quod
720 762 809 805 sub
832 762 929 805 sole
953 762 1051 805 sola
1075 764 1270 806 racionis
1294 764 1342 806 in
1365 763 1606 821 priuilegio
1630 765 1688 807 sit
1711 764 2039 808 excellenciata.

358 829 533 871 Reuera
561 830 724 886 pocius
752 830 899 871 eciam
927 829 1117 872 subtiles
1146 831 1274 872 aiunt
1302 830 1565 888 archigenes
1594 831 1643 873 id
1671 831 1862 874 humani
1889 845 2041 874 reuer-

357 888 570 939 tendum¹
597 897 805 954 corporis
831 901 901 939 est
927 896 988 939 ad
1015 897 1228 948 formam,
1254 899 1540 955 racionisque
1566 898 1705 941 simul
1729 903 1775 942 et
1801 898 2042 957 discipline

357 963 702 1020 perceptibilem
732 965 894 1021 capitis
926 964 987 1006 ad
1019 964 1380 1021 disposicionem
1409 979 1550 1022 quam
1581 967 1639 1008 sit
1669 966 1730 1008 ad
1761 967 1914 1009 anime
1941 967 2041 1009 vim

358 1030 584 1087 genialem
603 1030 839 1087 genialiter
856 1031 915 1073 ab
933 1031 1130 1073 aliorum
1147 1031 1292 1074 brutis
1311 1024 1495 1074 animis²
1513 1032 1781 1075 animalium
1799 1047 1882 1090 per
1898 1034 2041 1075 racio-

356 1097 592 1139 nalitatem
607 1097 970 1140 differentialiter
984 1103 1224 1140 semotam:
1241 1098 1476 1155 probabile
1491 1100 1600 1141 satis
1616 1099 1674 1141 ab
1689 1099 1962 1142 animalibus
1977 1099 2038 1142 ad

356 1163 557 1205 hominis
570 1163 922 1206 similitudinem
934 1164 1011 1206 uel
1024 1164 1311 1221 aliquatenus
1324 1165 1660 1215 accedentibus,
1672 1167 1711 1207 si
1723 1166 1845 1215 libet,
1856 1179 2040 1208 sumere

356 1230 459 1272 licet
477 1235 522 1272 et
541 1229 704 1272 efficax
723 1236 1062 1287 argumentum.
1083 1232 1258 1273 Reuera
1276 1237 1450 1288 quanto
1469 1233 1616 1288 magis
1635 1231 1888 1274 humanam
1906 1232 2040 1289 quid-

356 1297 428 1339 uis
454 1297 625 1339 animal
651 1296 827 1339 accedit
852 1297 913 1339 ad
938 1298 1217 1354 ymaginem,
1243 1303 1370 1340 tanto
1396 1299 1557 1354 magis,
1581 1303 1634 1340 ut
1658 1303 1703 1341 et
1728 1298 1839 1341 alias
1864 1299 2040 1355 scripsi,

357 1368 513 1420 gestus
530 1364 744 1420 exprimit
759 1363 990 1406 humanos
1006 1365 1302 1421 imitaturque
1318 1366 1599 1421 sagacstates,
1616 1366 1885 1407 assercionis
1901 1365 2039 1408 huius

356 1422 422 1472 in³
441 1444 626 1472 summa
646 1431 774 1472 testis
794 1432 993 1487 assurgit
1012 1431 1196 1488 elegans
1217 1436 1261 1473 et
1280 1431 1592 1474 fidelissimus.

420 1497 491 1551 [8.]
513 1497 604 1539 Sed
618 1502 663 1539 et
677 1502 730 1539 ut
742 1511 828 1539 nos
842 1499 975 1554 quasi
989 1497 1235 1540 bestialiter
1249 1499 1484 1555 proripere
1498 1513 1759 1555 pergamus,
1773 1499 1812 1541 si
1825 1513 1908 1541 vas
1923 1498 2038 1541 illud

356 1565 404 1606 in
427 1556 540 1621 quo4
566 1556 791 1606 subsistit⁵
817 1565 985 1614 anima,
1009 1579 1151 1622 quam
1176 1566 1308 1622 quasi
1332 1565 1679 1607 confederaliter
1704 1571 1914 1608 asserunt
1938 1579 2039 1608 esse

355 1631 677 1673 racionalitatis
704 1632 926 1674 autricem
951 1631 1028 1674 uel
1052 1646 1255 1682 causam,
1281 1646 1515 1674 summam
1541 1647 1724 1675 summe
1749 1632 1931 1675 deitatis
1957 1646 2040 1690 per

355 1699 631 1755 potenciam,
658 1703 821 1741 nature
849 1698 1074 1741 violencia
1101 1698 1178 1741 uel
1204 1699 1459 1742 valitudine
1486 1699 1699 1742 videlicet
1727 1699 1938 1749 aduersa,
1963 1699 2039 1742 vel

355 1765 540 1807 lesionis
575 1771 748 1808 euentu
781 1765 899 1808 forte
933 1765 1071 1808 fuerit
1104 1767 1153 1808 in
1186 1766 1388 1808 deterius
1423 1758 1660 1809 adactum⁶
1695 1766 1879 1823 (frenesi
1911 1771 2039 1824 puta,

354 1832 600 1883 wlnereue,
627 1833 704 1875 uel
731 1839 903 1876 euentu
929 1825 1154 1891 quolibet⁷
1181 1833 1270 1876 alio
1297 1834 1451 1891 capud
1479 1834 1678 1876 hominis
1706 1835 1910 1877 euenerit
1935 1848 2037 1877 esse

355 1900 698 1958 deprauatum),
724 1902 805 1958 qui
831 1902 961 1958 prius
988 1902 1130 1943 animi
1156 1915 1350 1959 compos
1378 1907 1423 1943 et
1450 1901 1742 1944 discrecionis
1769 1901 1869 1952 fuit,
1896 1901 2038 1944 homo

355 1969 565 2024 protinus
595 1968 736 2010 abibit
763 1969 812 2010 in
837 1969 956 2010 vicia
985 1968 1406 2011 deliramentorum.
1435 1970 1654 2026 Corporis
1682 1970 1820 2026 igitur
1846 1968 2038 2011 humani

353 2034 741 2077 verisimillimum
765 2034 865 2077 fore
889 2035 1075 2077 videtur
1099 2035 1227 2091 quod
1253 2049 1336 2077 vas
1362 2035 1682 2077 racionalitatis
1707 2049 1859 2085 causa,
1884 2034 2038 2077 solum

353 2100 481 2142 velut
498 2100 559 2143 ad
577 2101 626 2143 id
643 2101 761 2143 abile
778 2102 842 2143 sic
860 2101 1127 2151 formatum,
1157 2101 1248 2158 {45r
1262 2102 1269 2158 Ι
1298 2102 1356 2143 sit
1372 2103 1729 2143 instrumentum
1745 2101 1874 2158 quod
1891 2102 2038 2143 eciam

354 2181 445 2224 que
457 2181 628 2225 corpus
642 2167 990 2225 elephantinum
1005 2173 1100 2210 tam
1115 2168 1290 2225 grande
1303 2168 1379 2210 uel
1392 2168 1662 2210 bubalinum
1675 2173 1857 2225 vegetat
1871 2169 2038 2217 anima,

354 2235 393 2277 si
412 2234 561 2292 figure
580 2234 743 2277 fuisset
762 2235 964 2277 hominis
984 2235 1136 2278 infusa
1156 2241 1251 2278 tam
1271 2249 1429 2292 parue,
1449 2241 1543 2278 tam
1563 2235 1727 2278 nobilis
1747 2235 2038 2278 instrumenti

354 2302 498 2358 gratia
523 2301 751 2344 frueretur
775 2301 1115 2359 bellissimeque
1141 2302 1362 2359 gauderet
1387 2302 1707 2345 racionalitatis
1733 2302 2036 2359 prerogatiua.

353 2369 529 2411 Reuera
543 2383 730 2419 neruus,
744 2368 929 2419 fidisue,
942 2369 1019 2412 uel
1032 2369 1175 2412 corda
1189 2384 1360 2412 sonoro
1373 2369 1661 2412 concorditer
1675 2374 1858 2412 resonat
1871 2370 2036 2412 instru-

353 2442 511 2479 mento
541 2451 632 2494 que
662 2451 855 2479 raucum
886 2437 1101 2480 redderet
1131 2451 1343 2480 murmur
1371 2438 1420 2480 in
1449 2437 1628 2480 obtuso.
1659 2438 1729 2480 Sic
1759 2438 1897 2494 igitur
1926 2450 2036 2479 sane

353 2504 660 2547 sencientibus
671 2504 821 2547 videri
832 2504 1103 2562 dignissime
1115 2504 1252 2547 debet
1262 2518 1364 2547 esse
1375 2504 1627 2547 ludibrium
1638 2503 2037 2547 subsannabiliter-

352 2586 443 2629 que
470 2571 693 2614 friuolum
722 2572 782 2614 de
811 2572 955 2614 solius
984 2572 1184 2614 hominis
1214 2573 1366 2614 anime
1393 2572 1469 2614 uel
1497 2573 1684 2629 spiritus
1714 2571 2036 2614 inmortalitate

351 2653 528 2682 vanum
543 2639 765 2682 diducere
779 2640 1032 2696 cogitatum
1047 2639 1123 2682 uel
1138 2639 1199 2682 ad
1216 2639 1514 2682 diducciones
1529 2640 1686 2682 venire
1700 2638 2033 2682 verbalitatum.

425 2838 437 2860 ¹
455 2843 703 2878 reuerendum
720 2844 743 2878 S

425 2892 439 2915 ²
454 2899 679 2934 animalibus
695 2901 719 2934 S

424 2948 439 2971 ³
454 2955 493 2990 in
509 2955 558 2990 ed.

424 3004 438 3027 ⁴
454 3010 556 3057 quod
575 3011 598 3044 S

424 3060 438 3083 ⁵
454 3066 619 3100 subsistit
634 3066 683 3100 ed.

423 3115 439 3137 ⁶
454 3122 492 3156 in
509 3122 671 3156 deterius
687 3121 876 3166 adactum]
894 3122 1097 3156 indeterius
1112 3122 1161 3156 ad
1178 3127 1302 3156 actum
1319 3123 1342 3156 S

424 3171 439 3193 ⁷
453 3178 647 3224 quodlibet
663 3179 687 3213 s
