2132 3346
247 501 298 526 260

246 833 297 858 265

246 1169 297 1195 270

245 1505 296 1530 275

245 1838 295 1863 280

244 2175 294 2200 285

243 2512 294 2537 290

361 149 451 191 194
587 158 774 192 SERIUM
796 158 1101 192 SENECTUTIS

360 284 566 325 raciones
582 283 804 326 inducant
819 289 864 326 et
880 289 1164 340 argumenta,
1179 284 1239 326 de
1255 289 1323 326 tot
1337 289 1382 326 et
1397 285 1533 327 tantis
1548 299 1709 341 ymmo
1723 285 1818 327 fere
1832 285 2043 328 funditus

360 349 770 392 innumerabilibus
789 351 838 392 in
853 350 1092 407 publicum
1111 350 1294 408 pridem
1311 351 1538 408 producta
1555 351 1862 409 reproducere
1879 366 2044 409 procu-

360 431 515 459 remus
534 417 610 459 uel
628 417 794 474 aliqua,
812 431 903 474 que
920 417 1112 474 quidem
1132 418 1256 475 (quia
1274 418 1439 475 placita
1457 419 1530 460 sui
1548 424 1656 461 sunt
1673 420 1722 461 in
1737 419 1916 475 natura)
1936 419 2042 476 plus

360 483 606 541 placebunt
643 485 790 526 eciam
827 485 1069 541 sepissime
1106 485 1309 542 repetita.
1348 485 1418 527 Sic
1456 486 1609 542 itaque
1647 486 1819 528 summi
1856 500 2043 528 summo

360 550 627 592 mediatoris
645 550 704 592 ab
721 565 861 607 opere
878 551 1174 593 subsolariter
1190 552 1239 593 in
1255 551 1411 593 medio
1429 553 1643 608 spirantis
1660 557 1815 594 nostre
1831 557 2043 594 nostrum

360 617 698 673 presencialiter
719 618 929 659 instantis
953 618 1141 659 inicium
1163 631 1347 659 sumere
1369 631 1616 674 pergamus
1639 619 1921 660 intencionis.
1943 619 2042 660 Nec

359 697 435 725 me
452 684 556 740 quis
575 697 738 740 precor
755 684 935 726 causari
952 683 1062 726 velit
1080 689 1132 726 ut
1150 689 1577 740 presumptuosum,
1594 684 1670 726 uel
1687 684 1815 727 velut
1831 698 1885 727 os
1903 698 2043 727 suum

359 764 532 807 ponere
547 755 894 806 presumentem
907 751 1238 792 contumaciter
1252 751 1300 792 in
1313 750 1478 799 celum,
1494 750 1610 792 dum
1625 765 1807 793 sumere
1821 765 2042 808 presumo

359 830 518 859 meum
537 816 668 859 factis
689 831 715 859 a
736 821 831 859 tam
851 816 1126 859 sublimibus
1145 816 1232 859 hoc
1253 818 1301 859 in
1319 818 1505 859 instanti
1523 817 1707 860 verbale
1726 818 2016 875 principium.

423 883 523 938 [20.]
546 884 672 926 Deus
688 889 732 926 et
748 884 834 926 Dei
848 883 972 926 filius
988 883 1131 926 homo
1146 885 1272 926 Iesus
1287 884 1426 926 iudex
1443 884 1705 927 arbitrarius
1720 890 1765 927 et
1780 884 2042 942 potenciali-

359 956 427 993 ter
443 950 650 993 infinitus
667 951 816 993 Marie
832 951 1058 993 Lazarum
1074 951 1348 1009 Martheque
1365 966 1651 1008 germanum,
1667 951 1873 1009 partibus
1890 952 1939 994 in
1954 951 2043 994 sub

359 1018 456 1060 sole
469 1018 760 1060 meridionali
772 1018 968 1060 fataliter
980 1018 1348 1075 frequentissime
1360 1018 1643 1061 feruentibus
1655 1018 1868 1068 fetidum,
1879 1025 2043 1076 quatu·

359 1099 412 1127 or
438 1090 483 1127 et
511 1090 563 1127 ut
590 1086 638 1127 in
665 1085 911 1142 sepulchro
939 1090 1046 1142 post
1072 1085 1438 1127 inhumationem
1466 1085 1566 1127 dies
1593 1085 1851 1135 habentem,
1877 1086 2043 1128 viuum

358 1153 544 1195 vocauit
570 1152 630 1195 de
657 1152 903 1209 sepulchro
929 1152 1230 1210 vitalitatique
1255 1154 1464 1202 restituit!
1489 1167 1583 1210 quo
1610 1167 1776 1195 sanum
1801 1153 2042 1195 sanissime

359 1225 569 1262 sumatur
599 1221 648 1262 in
677 1225 1004 1277 argumentum
1033 1221 1157 1262 vices
1187 1220 1390 1262 humana
1419 1234 1515 1262 non
1543 1220 1710 1262 habere
1739 1220 1815 1263 uel
1843 1221 1964 1263 vires
1994 1221 2044 1263 in

359 1288 512 1330 anima
550 1287 720 1330 modos
757 1287 1114 1330 condicionesue
1152 1287 1496 1337 mortalitatum,
1533 1302 1626 1344 quo
1664 1293 1759 1330 tam
1796 1287 2043 1345 specialem

358 1355 546 1411 spiritus
587 1354 797 1397 animalis
837 1369 920 1412 per
958 1355 1301 1397 restitucionem
1339 1354 1483 1397 fuisse
1521 1354 1833 1412 subintelligas
1871 1369 2042 1412 corpus

358 1423 672 1464 exanimatum
688 1423 946 1464 virtuosam
962 1423 1048 1464 Dei
1065 1436 1174 1464 vere
1189 1423 1388 1464 viuentis
1407 1423 1559 1464 anime
1576 1436 1659 1478 per
1674 1413 2040 1464 reuocacionem¹

358 1489 693 1530 resuscitatum.
725 1489 837 1531 Non
867 1488 995 1545 quod
1028 1503 1202 1531 nouam
1233 1489 1272 1530 si
1303 1488 1390 1530 sibi
1420 1488 1626 1531 libuisset
1657 1489 1860 1531 animam
1889 1502 2043 1531 creare

359 1555 540 1597 deitatis
576 1555 786 1597 absolute
820 1556 1036 1612 potestati
1071 1569 1166 1597 non
1199 1555 1413 1604 licuisset,
1447 1555 1530 1597 sed
1566 1569 1660 1611 quo
1694 1555 1819 1612 quali
1851 1560 2041 1612 sumpto

358 1621 580 1678 supplicis
615 1636 670 1663 ex
706 1621 879 1664 Helisei
913 1622 1066 1663 verbis
1101 1623 1150 1663 in
1182 1636 1294 1663 casu
1327 1622 1554 1664 consimili
1587 1621 1662 1664 vel
1696 1621 2043 1679 superficialiter

358 1694 632 1744 argumento
655 1689 765 1730 satis
789 1688 1028 1745 probabili!
1051 1688 1179 1744 quod
1203 1689 1356 1730 anima
1379 1703 1519 1730 suum
1541 1688 1684 1730 vidue
1708 1687 1808 1744 (filii
1829 1687 2043 1730 videlicet

357 1754 479 1811 elati)
496 1760 801 1797 reuerteretur
815 1756 863 1797 in
875 1769 1046 1811 corpus
1061 1755 1362 1811 supplicantis
1376 1755 1576 1797 violente
1589 1756 1699 1797 satis
1714 1768 1897 1797 sumere
1910 1754 2041 1797 liceat

358 1823 406 1864 in
424 1821 682 1878 presidium
702 1823 1084 1878 presumpcionis.

422 1888 521 1943 [21.]
543 1889 633 1931 Sed
654 1894 699 1931 et
719 1889 837 1931 elata
857 1890 1076 1946 principis
1096 1889 1190 1931 filia
1210 1890 1513 1946 potenciaque
1533 1889 1863 1946 subsequenter
1883 1888 2042 1930 diuine

356 1957 538 1998 virtutis
563 1957 657 1998 vite
681 1957 888 1998 restituta
912 1956 1177 1998 verisimilia
1200 1957 1326 1998 venit
1349 1955 1582 1998 vitalitatis
1606 1956 1758 1998 anime
1794 1954 1911 2012 152v1
1946 1969 2042 1997 non

358 2022 612 2065 deficientis
625 2023 685 2065 ad
698 2028 981 2079 argumenta.
993 2024 1177 2079 Nempe
1187 2037 1295 2065 cum
1307 2023 1614 2079 principaliter
1625 2027 1789 2079 potens
1801 2023 2040 2064 incircum-

357 2090 640 2147 scribilisque
657 2090 862 2147 phisicus
879 2091 1108 2132 exorantis
1125 2081 1256 2132 fidei²
1273 2089 1488 2132 firmitate
1504 2095 1659 2132 motus
1676 2088 2040 2132 resuscitandam

356 2157 615 2201 voluntarie
632 2159 809 2201 veniret
827 2158 887 2201 ad
907 2157 1066 2209 filiam!
1084 2157 1228 2201 libens
1247 2163 1292 2201 et
1309 2157 1440 2201 facile
1458 2157 1639 2200 mobilis
1658 2157 1719 2200 ad
1738 2147 2041 2207 exauditum,³

357 2240 467 2268 sane
490 2226 792 2283 supplicantis
815 2241 911 2269 non
934 2226 1082 2269 defuit
1104 2226 1289 2269 effectui
1312 2227 1564 2283 peticionis,
1587 2218 1708 2268 licet⁴
1730 2225 1856 2268 fatua
1878 2224 2040 2268 fuisset

357 2308 383 2336 a
400 2294 534 2336 turba
550 2295 726 2336 ciuium
743 2294 924 2336 derisus
941 2293 1198 2336 fatuissime
1216 2294 1332 2336 dum
1348 2308 1444 2336 non
1460 2299 1692 2336 mortuam
1708 2293 1791 2335 sed
1811 2293 2041 2335 dormien-

357 2367 451 2404 tem
469 2361 568 2403 fore
586 2362 808 2404 veraciter
827 2361 1077 2404 asserendo
1096 2352 1390 2404 ridiculosos⁵
1408 2362 1557 2417 coegit
1575 2361 1636 2403 ad
1655 2374 1874 2403 recessus,
1893 2361 2040 2402 Manu

357 2442 549 2470 manum
565 2434 747 2470 mortue
763 2434 923 2470 tenens
940 2430 1036 2470 suis
1052 2429 1212 2470 viuam
1226 2429 1347 2470 viuis
1363 2429 1559 2470 restituit
1573 2427 1659 2470 sibi
1674 2426 2040 2476 conviuentibus,

357 2496 510 2537 anima
526 2495 746 2537 fatalitate
762 2495 974 2537 funditus
991 2495 1288 2552 insuperabili
1303 2500 1548 2537 consuetos
1565 2494 1811 2537 habitaculi
1826 2499 2040 2536 reuocata

356 2562 670 2619 potencialiter
687 2562 748 2604 ad
765 2576 893 2611 vsus,
910 2576 1005 2619 quo
1022 2563 1062 2604 si
1079 2562 1215 2604 libeat
1232 2562 1292 2604 ad
1311 2563 1519 2603 animum
1536 2575 1752 2603 reuocare
1769 2575 1865 2603 non
1880 2574 2039 2617 super-

356 2629 520 2671 sedeas
538 2630 760 2686 quoniam
779 2629 975 2686 supplex
993 2643 1104 2671 casu
1121 2628 1348 2671 consimili
1366 2642 1552 2670 summo
1572 2627 1650 2684 (de
1666 2642 1760 2685 quo
1778 2627 1864 2670 fari
1880 2641 2039 2684 presu-

429 2872 440 2895 ¹
459 2880 482 2914 S
498 2879 549 2913 ad.
568 2879 682 2914 fuisse
698 2878 953 2926 subintelligas
970 2878 1074 2926 before
1089 2878 1344 2913 resuscitatum

428 2928 442 2951 ²
458 2934 536 2969 fide
552 2935 575 2969 S

428 2985 442 3008 ³
457 2990 654 3025 exauditus
670 2992 694 3025 S

427 3040 442 3063 ⁴
459 3048 482 3082 S
497 3047 549 3081 ad.
567 3058 588 3082 a
605 3047 710 3094 before
725 3046 826 3081 fatua

428 3096 442 3119 ⁵
458 3103 680 3138 ridiculosus
696 3105 719 3138 S
