2132 3346
249 509 301 535 415

249 844 301 869 420

248 1178 301 1204 425

248 1513 300 1538 430

247 1847 299 1873 435

364 160 453 202 142
590 167 778 202 SERIUM
799 167 1105 202 SENECTUTIS

363 293 609 349 purgatiua
630 291 846 334 Vedium.
867 292 1298 349 Simulachrumque
1319 292 1562 350 quoddam
1583 293 1682 336 fore
1704 293 2046 350 dogmatizabat

363 360 516 401 anime
542 358 686 416 quod,
712 359 890 401 animas
917 359 1118 401 iniciales
1145 373 1253 401 suas
1280 365 1558 402 reuertentes
1585 360 1958 403 condicionaliter
1983 361 2044 404 ad

363 427 577 483 origines,
596 427 662 468 eis
682 425 871 468 obuiam
889 426 1123 468 veniendo
1140 426 1354 468 veniebat
1371 427 1676 469 verberatum.

427 492 527 547 [25.]
548 493 620 535 Sic
634 493 789 550 itaque
802 506 894 550 que
905 493 1225 535 commenticie
1237 493 1696 551 cachinnabiliterque
1710 495 2046 551 preexcogitata

363 559 675 603 doctrinaliter
690 559 1171 617 predisseminauerat,
1188 561 1272 603 tria
1289 561 1625 617 purgacionum
1641 575 1806 618 genera
1822 566 2044 604 retractat.

362 628 557 669 Animas
574 627 699 669 enim
717 626 1198 683 predogmatizauerat
1214 626 1290 669 uel
1307 628 1412 684 igne
1429 628 1629 684 purgari,
1645 627 1722 670 uel
1738 642 1872 685 aqua,
1887 627 2046 671 verbe-

363 693 561 736 ribusve.
584 694 713 736 Senis
735 698 781 736 et
803 693 951 743 Phasi,
972 708 1113 750 quem
1134 694 1458 736 convenienter
1480 694 1654 737 ibidem
1675 699 1885 738 retractat
1906 694 2046 745 idem,

363 760 571 803 doctrine
596 752 786 803 modus¹
814 760 1255 817 dogmatizandique
1279 761 1393 803 ritus
1419 761 1500 803 tibi
1524 775 1684 804 reuera
1708 775 1812 804 reor
1835 762 1954 804 risus
1979 762 2046 804 in-

363 828 628 884 tempestiui
674 826 792 884 135Ἴ
836 818 1098 870 mouerent²
1130 828 1481 884 intempestiuos
1514 827 1695 870 defacili
1727 829 1879 871 rictus.
1912 827 2047 871 Phasi

363 893 570 951 profecto
588 894 710 936 senis
728 894 777 936 in
793 893 1088 951 philosophia
1104 893 1254 936 fauste
1271 893 1671 951 fauorabiliterque
1687 894 1855 937 famosi
1872 894 2045 952 dogma

362 960 450 1003 fuit
469 961 676 1018 ritusque
697 960 899 1003 docendi
919 974 1058 1018 posse
1078 960 1259 1003 nullum
1278 961 1366 1003 nisi
1386 975 1469 1018 per
1488 966 1685 1004 mortem
1704 962 1862 1004 venire
1880 962 2045 1004 viuens

363 1027 424 1070 ad
445 1027 832 1070 inmortalitatem.
853 1028 1017 1085 Sicque
1038 1033 1249 1070 sensatus
1270 1042 1353 1085 per
1373 1029 1755 1085 consequenciam
1775 1028 2046 1085 subtilisque

362 1108 501 1137 senex
514 1094 851 1137 inmortalitatis
863 1094 1122 1137 inuolutam
1135 1094 1449 1152 dogmatizare
1460 1109 1555 1137 non
1567 1094 1846 1137 detrectabat
1855 1095 2046 1138 Pormee

362 1161 439 1204 uel
467 1161 713 1204 Charontis
742 1162 791 1204 in
819 1161 1033 1204 manibus
1062 1161 1161 1204 fore
1189 1161 1462 1204 felicitatem.
1492 1161 1647 1204 Pullus
1676 1163 1814 1212 enim,
1841 1162 2046 1212 Pormea,

362 1229 609 1271 Charonve
629 1229 729 1271 fore
750 1234 892 1271 nauta
913 1228 1058 1271 fertur
1078 1229 1331 1272 inferorum
1352 1229 1517 1286 cymba
1537 1230 1709 1287 Stigem
1730 1234 2045 1287 transportans

362 1297 540 1338 animas
555 1295 674 1339 ultra
690 1295 925 1353 paludem.
941 1296 1012 1339 Sic
1027 1297 1181 1353 itaque
1195 1295 1633 1346 commendabiliter,
1648 1302 1693 1339 et
1707 1297 1747 1339 si
1762 1302 1813 1339 tu
1827 1310 1961 1340 secus
1977 1295 2046 1352 (ut

362 1363 582 1419 auguror)
604 1362 835 1404 exfronter
855 1364 1154 1412 examinares,
1174 1377 1262 1404 suo
1283 1363 1431 1404 solam
1452 1363 1623 1405 iudicio
1643 1363 1829 1405 fatalem
1848 1364 1943 1405 vite
1963 1376 2046 1419 per

362 1429 632 1471 finalitatem
645 1429 838 1471 viuendi
852 1430 1119 1486 pervenitur
1133 1429 1194 1471 ad
1208 1429 1571 1471 infinibilitatem.
1586 1430 1654 1472 Tu
1667 1443 1780 1471 vero
1793 1430 1842 1471 in
1853 1442 2046 1471 consue-

362 1497 433 1546 tis,
453 1510 790 1553 perperamque
811 1495 1153 1546 tollerabilibus,
1173 1497 1521 1553 procacitatisue
1540 1497 1798 1552 pertinaciis
1819 1486 2045 1538 insistere³

362 1563 422 1605 de
442 1577 569 1605 nouo
589 1555 703 1606 non⁴
723 1564 928 1606 renueris
949 1577 1228 1620 morumque
1247 1563 1635 1620 proteruitatibus;
1674 1577 1756 1620 per
1775 1563 2045 1620 oppositum

362 1635 608 1687 proteruus
625 1645 651 1672 e
665 1631 864 1688 uestigio
880 1630 1188 1688 proclamares
1204 1631 1407 1687 oppositi
1423 1644 1561 1687 posse
1576 1631 1806 1687 perueniri
1821 1630 1967 1672 serius
1982 1629 2044 1672 ad

361 1696 594 1747 effectum,
624 1711 720 1739 non
750 1697 867 1740 bene
898 1711 1068 1754 gnarus
1100 1697 1228 1754 quod
1260 1696 1478 1739 effectum
1508 1697 1710 1739 crebrius
1740 1710 1796 1739 ex
1827 1697 2045 1753 opposito

362 1755 547 1806 sanum⁵
567 1778 664 1806 non
683 1765 838 1806 minus
858 1778 1001 1821 quam
1021 1764 1203 1806 salubre
1223 1755 1425 1806 sumere⁶
1463 1763 1607 1805 soleat
1627 1764 1830 1820 oppositi
1849 1762 2045 1805 remedi-

361 1845 455 1873 um.

425 1897 525 1952 [26.]
547 1898 731 1940 Talibus
747 1899 901 1955 itaque
916 1912 1007 1955 que
1022 1898 1264 1940 scrutatori
1278 1897 1491 1940 studioso
1505 1897 1688 1940 cuilibet
1702 1902 1868 1954 sponte
1883 1897 2044 1954 primis

361 1965 550 2007 obuiam
573 1966 766 2007 veniunt
789 1966 838 2007 in
860 1965 1112 2007 luminibus
1136 1964 1314 2007 infinita
1337 1965 1617 2007 coniunctim
1640 1964 1921 2021 diuisimque
1944 1963 2044 2006 dili-

362 2037 520 2089 genter
542 2033 774 2089 inspectis,
796 2032 1112 2089 subtiliterque
1135 2046 1231 2074 non
1252 2033 1406 2074 minus
1429 2037 1474 2074 et
1495 2045 1591 2074 non
1612 2033 1660 2074 in
1681 2030 1925 2088 superficie
1946 2030 2044 2073 sola

361 2099 445 2141 sed
464 2100 737 2141 intrinsecus
755 2099 1054 2155 investigatis,
1073 2104 1329 2155 temperare
1346 2099 1642 2155 pertinaciam
1661 2103 1739 2140 tue
1757 2098 2043 2155 procacitatis

361 2180 526 2223 pergas
557 2171 653 2208 tam
683 2166 922 2208 temerarie
951 2171 996 2208 et
1026 2180 1121 2208 non
1149 2166 1303 2208 minus
1333 2166 1655 2222 intempestiue
1684 2179 1825 2222 quam
1853 2163 2045 2207 ridicule

361 2248 552 2291 prorsus
570 2239 615 2276 et
634 2235 905 2276 inconcinne
923 2233 1198 2290 garrulitatis
1218 2238 1308 2283 tue,
1326 2247 1421 2290 quo
1439 2233 1544 2290 plus
1562 2234 1684 2274 iusto
1702 2232 1903 2274 fluidum
1921 2231 2044 2288 ligue

361 2300 710 2358 loquacitatisue
743 2300 972 2343 lubricum
1005 2301 1072 2343 tui
1105 2314 1270 2357 pergas
1303 2300 1395 2342 oris
1429 2299 1654 2356 opitulare
1687 2299 1763 2341 uel
1794 2298 2044 2356 aliquando

360 2367 664 2425 cachynnum.
688 2368 800 2410 Non
822 2369 960 2417 enim,
984 2367 1087 2410 licet
1109 2373 1162 2410 ut
1185 2367 1351 2410 arbiter
1374 2366 1579 2409 arbitrari
1602 2381 1698 2409 non
1719 2365 2044 2408 verecundaris

361 2426 693 2493 preproperus⁷
709 2440 755 2478 et
772 2435 955 2492 loquax,
972 2434 1347 2493 loquelaliterque
1364 2434 1493 2484 leuis,
1510 2433 1752 2476 verbaliter
1767 2439 1812 2476 et
1829 2432 2045 2476 errabun-

361 2502 466 2553 dus,
491 2503 540 2545 in
577 2502 690 2560 {36¹1
727 2503 870 2545 animi
894 2494 1156 2545 contractis⁸
1180 2507 1226 2545 et
1250 2501 1373 2559 ligue
1398 2500 1809 2544 matrimonialibus
1834 2514 2043 2558 premen-

434 2713 445 2735 ¹
463 2718 598 2752 modos
615 2719 638 2752 S

433 2769 447 2791 ²
463 2780 630 2809 moueret
646 2775 669 2809 S

433 2824 447 2846 ³
463 2831 628 2877 ingerere
644 2832 668 2865 S

433 2881 447 2903 ⁴
462 2897 539 2922 non
555 2887 604 2922 ed.

433 2936 447 2959 ⁵
463 2952 597 2977 sanum
613 2942 662 2976 ed.

432 2993 447 3015 ⁶
463 2998 561 3032 sumi
578 2999 601 3032 S

433 3047 448 3069 ⁷
463 3054 709 3100 preproperiis
726 3055 748 3088 S

432 3103 447 3126 ⁸
462 3116 669 3144 contractus
686 3110 709 3144 S
