2132 3346
253 569 305 595 1⁹0

252 903 303 927 195

251 1237 303 1262 200

251 1574 302 1599 205

250 1907 301 1932 210

248 2243 299 2268 215

248 2581 299 2606 220

367 152 457 193 190
594 160 782 194 SERIUM
803 161 1108 195 SENECTUTIS

367 284 424 325 tis
447 285 600 326 anime
623 290 850 327 memorat
873 291 1134 327 reuerenter
1155 290 1201 327 et
1223 287 1470 328 autenticat
1492 292 1775 343 argumenta,
1797 301 1892 344 quo
1913 287 2048 330 firma

367 364 551 408 semper
570 356 615 393 et
636 351 894 394 indubitata
914 344 989 394 sit1
1012 343 1148 394 inter²
1167 353 1432 395 inmortales
1452 353 1696 396 hominum
1715 353 2049 412 brutorumque

366 432 474 461 cum
500 432 695 476 corpore
721 420 968 462 morituras
995 421 1172 462 animas
1200 419 1478 463 differencia.
1505 421 1603 463 Nec
1629 422 1783 464 minus
1809 436 1904 479 quo
1929 436 2047 479 quos

366 486 512 528 eciam
528 485 674 528 brutis
689 487 826 529 viuos
843 478 1056 529 secreuit³
1071 487 1130 529 ab
1145 487 1419 530 animalibus
1436 488 1721 531 racionalitas
1737 489 1889 531 anime
1904 503 2049 532 secer-

366 558 445 595 nat
463 553 704 595 racionalis
723 558 769 596 et
788 553 932 596 elatos
952 554 1266 597 inmortalitas.

430 619 530 674 [14.]
551 620 642 662 Sed
661 621 755 662 iam
772 634 895 662 nunc
913 622 1055 663 serias
1073 622 1333 663 animarum
1350 622 1461 663 citra
1478 622 1721 664 vitalitates
1739 622 2048 665 humanarum

365 686 442 728 uel
454 686 817 737 inmortalitates,
828 688 1072 729 veniamus
1086 687 1147 730 ad
1161 689 1441 730 asserciones
1455 688 1743 731 ethnicorum
1755 690 1796 731 si
1807 689 1916 731 libet
1927 694 1973 732 et
1985 689 2047 732 ad

366 745 656 810 argumenta⁴
678 755 1114 796 vetustissimorum.
1138 755 1250 797 Non
1271 769 1366 811 quo
1388 755 1542 797 uerbis
1565 769 1728 798 eorum
1751 757 1880 798 seriis
1903 757 2049 799 eciam

365 819 441 862 uel
457 820 838 863 assercionalibus
853 820 1117 863 habendam
1132 820 1278 863 fidem
1293 820 1504 863 funditus
1520 821 1761 864 indubiam
1776 821 1852 864 uel
1867 822 2048 865 indubi-

366 891 513 928 tanter
530 886 733 935 credam,
752 887 828 928 uel
847 901 930 943 per
949 888 1105 928 omnia
1125 887 1391 943 simpliciter
1408 889 1665 929 existimem
1684 889 1802 930 sicut
1820 888 2048 945 predicto-

365 966 484 1002 rum,
499 952 583 994 sed
601 953 734 1009 quasi
750 967 836 1009 pro
851 954 1043 995 veritate
1059 954 1099 995 si
1113 954 1189 995 cui
1204 953 1385 995 libuerit
1400 954 1765 996 verisimiliterue
1780 954 2048 1011 receptibili-

364 1033 447 1061 um
475 1018 884 1075 contemplacione,
913 1020 1155 1076 presertim
1183 1020 1446 1062 venerande
1474 1021 1715 1063 vetustatis
1744 1021 1952 1063 virorum
1980 1026 2048 1063 tot

365 1091 754 1143 retrotemporum
774 1086 1190 1128 transcursionibus
1211 1088 1605 1129 autenticatorum.

429 1152 528 1207 [15.]
551 1154 660 1204 Quo
694 1153 893 1196 Platonis
928 1154 1066 1210 igitur
1100 1155 1149 1196 in
1181 1155 1342 1211 primis
1375 1155 1463 1197 viri
1495 1154 1741 1197 virtutibus
1775 1160 1821 1197 et
1854 1155 2048 1198 sciencia

365 1221 583 1277 precipue
616 1220 837 1277 placentis
870 1221 1012 1263 serias
1044 1222 1155 1263 citra
1188 1221 1394 1278 predicta
1427 1236 1598 1278 ponere
1644 1222 1734 1279 151r
1748 1223 1755 1278 Ι
1799 1236 2047 1279 pergamus

365 1288 646 1330 asserciones
665 1293 710 1330 et
728 1287 883 1338 verba,
902 1288 1028 1330 Plato
1048 1289 1112 1330 sic
1131 1288 1298 1338 scribit,
1315 1289 1387 1331 vir
1405 1289 1522 1331 inter
1539 1289 1714 1346 primos
1734 1290 1981 1346 precipuus
2000 1290 2049 1332 in

364 1354 672 1412 philosophia,
696 1356 822 1397 viros
847 1356 964 1397 inter
987 1355 1286 1412 quamplures
1311 1357 1429 1398 sicut
1452 1356 1505 1398 fit
1530 1357 1578 1398 in
1600 1356 1745 1413 prelio
1769 1361 2049 1413 peremptos,

364 1422 557 1480 quidam
591 1423 780 1465 nomine
815 1422 1082 1480 Pamphilus
1117 1437 1145 1466 x
1181 1423 1345 1466 diebus
1379 1424 1618 1466 verissime
1654 1423 1820 1466 dicitur
1854 1424 2048 1466 iacuisse

364 1495 647 1547 peremptus,
675 1490 914 1548 biduoque
942 1496 1191 1548 postquam
1220 1491 1428 1533 sublatus
1456 1491 1565 1533 inde
1593 1490 1755 1533 fuisset
1783 1482 2047 1549 impositus⁵

363 1571 491 1614 rog0,
509 1559 730 1600 reuixisse
747 1559 956 1614 miraque
973 1558 1177 1614 quedam
1194 1559 1356 1600 mortis
1374 1564 1582 1614 tempore
1599 1559 1699 1601 visa
1716 1558 1937 1601 retulisse.
1955 1558 2045 1601 Sed

363 1629 408 1666 et
429 1638 526 1666 non
546 1625 701 1666 minus
724 1624 981 1667 indubitate
1003 1625 1257 1667 reuerenda
1280 1625 1416 1667 refert
1438 1626 1683 1681 antiquitas
1705 1626 1802 1667 Her
1822 1616 2047 1675 militem,⁶

363 1692 459 1732 suis
475 1705 583 1733 cum
597 1691 990 1733 commilitonibus
1006 1692 1054 1733 in
1068 1691 1213 1748 prelio
1227 1691 1620 1741 commilitantem,
1634 1692 1731 1733 suis
1746 1691 1805 1733 ab
1818 1692 2048 1748 impetito·

363 1757 488 1800 ribus
508 1759 557 1800 in
574 1758 736 1800 bellico
754 1758 972 1800 conflictu
991 1763 1300 1815 peremptum,
1319 1758 1418 1800 dies
1438 1764 1544 1815 post
1561 1758 1859 1815 quamplures
1878 1758 2047 1801 rediui-

362 1839 479 1866 uum
498 1824 665 1866 milites
685 1826 803 1867 inter
820 1826 1054 1867 cooccisos
1074 1826 1329 1867 inuentum.

427 1891 526 1945 [16.]
548 1892 663 1933 Sunt
678 1892 824 1933 eciam
839 1891 1116 1948 quamplura
1131 1891 1207 1933 uel
1222 1892 1509 1948 aliquatenus
1523 1891 1788 1934 verisimilia
1802 1897 2046 1948 poetarum

361 1963 624 2000 commenta
641 1959 945 2000 vetustatisue
962 1973 1147 2015 semper
1164 1958 1516 2015 admodumque
1533 1958 1786 2000 reuerende
1802 1959 1918 2000 serie
1935 1958 2045 2000 satis

363 2025 644 2066 asserciones
664 2030 709 2067 et
728 2024 950 2081 figmenta
969 2025 1203 2067 vitalitatis
1223 2026 1376 2067 anime
1394 2025 1470 2067 uel
1489 2025 1824 2067 inmortalitatis
1843 2024 2046 2067 humane

363 2091 422 2133 de
439 2092 788 2148 perseuerancia
804 2091 881 2134 uel
896 2091 1244 2148 superficialiter
1260 2093 1638 2149 argumentatiua.
1655 2092 1835 2134 Notum
1850 2092 1960 2133 satis
1976 2097 2046 2133 est

361 2159 507 2201 eciam
527 2158 910 2201 subsannabiliter
927 2158 1098 2216 ydiotis
1117 2164 1252 2201 vetus
1271 2158 1386 2201 illud
1406 2164 1450 2201 et
1470 2159 1703 2216 poeticum
1723 2164 1817 2201 tam
1836 2159 1966 2216 graui
1985 2158 2045 2200 de

362 2227 545 2283 gigante
576 2226 756 2269 machia
787 2226 1078 2284 figmentum,
1110 2241 1201 2284 qua
1233 2226 1410 2269 Bachus
1443 2218 1705 2284 proletaria⁷
1735 2227 1857 2269 Iouis
1889 2226 2045 2283 magni

361 2294 514 2352 proles
531 2299 576 2337 et
592 2293 716 2337 filius
733 2295 970 2337 est—Ioue
986 2294 1277 2352 paternaliter
1293 2294 1434 2337 Euchi
1451 2293 2045 2352 proclamante—membra-

362 2363 444 2404 tim
463 2362 737 2419 discerptus,
755 2363 978 2419 giganteis
996 2367 1041 2404 et
1058 2362 1232 2404 viribus
1251 2363 1441 2404 omnino
1459 2362 1740 2419 letaliterque
1757 2361 2044 2411 dilaceratus,

361 2435 406 2472 et
425 2431 474 2472 in
491 2444 647 2472 vanno
666 2429 793 2472 fatali
811 2429 1065 2472 frustratim
1084 2430 1347 2480 coHocatus,
1366 2435 1411 2472 et
1430 2431 1478 2472 in
1495 2431 1693 2472 crastino
1712 2430 1850 2472 viuus
1869 2435 1914 2471 et
1933 2430 2045 2471 inte·

362 2511 441 2554 ger
456 2498 686 2540 inuentus.
703 2498 1068 2555 Verumptamen
1082 2498 1122 2540 si
1137 2498 1212 2540 cui
1227 2497 1344 2540 forte
1359 2498 1599 2540 veritatem
1615 2497 1820 2539 libuisset
1835 2497 2043 2539 interitus

361 2565 585 2621 inspicere
621 2564 889 2614 latitantem,
925 2564 1070 2606 libens
1107 2578 1295 2606 omnem
1332 2564 1513 2621 longius
1550 2564 1800 2606 amandare
1836 2568 2044 2621 pergeret

434 2763 445 2785 ¹
463 2768 514 2803 sic
531 2769 554 2803 S

433 2817 447 2839 ²
463 2824 558 2858 inter
571 2824 621 2858 ed.

432 2873 447 2896 ³
463 2880 630 2924 secreuit]
648 2880 798 2915 fecerint
815 2881 838 2914 S

432 2930 447 2952 ⁴
462 2941 683 2981 argumento
699 2936 723 2970 S

432 2985 447 3008 ⁵
463 2991 681 3038 impositum
698 2992 721 3026 S

432 3041 447 3063 ⁶
462 3049 539 3082 Her
554 3047 724 3092 militem]
742 3047 975 3082 Hermilitem
992 3048 1015 3082 S

433 3097 447 3120 ⁷
462 3104 646 3151 proletarii
664 3105 687 3139 S
