<?xml version="1.0" encoding="UTF-8"?>
<!DOCTYPE html PUBLIC "-//W3C//DTD XHTML 1.0 Transitional//EN"
    "http://www.w3.org/TR/xhtml1/DTD/xhtml1-transitional.dtd">
<html xmlns="http://www.w3.org/1999/xhtml" xml:lang="en" lang="en">
 <head>
  <title>
</title>
<meta http-equiv="Content-Type" content="text/html;charset=utf-8" />
  <meta name='ocr-system' content='tesseract 3.04.00' />
  <meta name='ocr-capabilities' content='ocr_page ocr_carea ocr_par ocr_line ocrx_word'/>
</head>
<body>
  <div class='ocr_page' id='page_1' title='image "./seriumsenectutis00eliauoft_0172.png"; bbox 0 0 2132 3346; ppageno 0'>
   <div class='ocr_carea' id='block_1_1' title="bbox 265 555 299 581">
    <p class='ocr_par' dir='ltr' id='par_1_1' title="bbox 265 555 299 581">
     <span class='ocr_line' id='line_1_1' title="bbox 265 555 299 581; baseline -0.029 0"><span class='ocrx_word' id='word_1_1' title='bbox 265 555 299 581; x_wconf 85' lang='lat'><strong>15</strong></span> 
     </span>
    </p>
   </div>
   <div class='ocr_carea' id='block_1_2' title="bbox 264 957 298 981">
    <p class='ocr_par' dir='ltr' id='par_1_2' title="bbox 264 957 298 981">
     <span class='ocr_line' id='line_1_2' title="bbox 264 957 298 981; baseline 0 0"><span class='ocrx_word' id='word_1_2' title='bbox 264 957 298 981; x_wconf 88' lang='grc'><strong>20</strong></span> 
     </span>
    </p>
   </div>
   <div class='ocr_carea' id='block_1_3' title="bbox 262 1961 296 1986">
    <p class='ocr_par' dir='ltr' id='par_1_3' title="bbox 262 1961 296 1986">
     <span class='ocr_line' id='line_1_3' title="bbox 262 1961 296 1986; baseline 0 0"><span class='ocrx_word' id='word_1_3' title='bbox 262 1961 296 1986; x_wconf 87' lang='grc'><strong>35</strong></span> 
     </span>
    </p>
   </div>
   <div class='ocr_carea' id='block_1_4' title="bbox 260 2296 295 2321">
    <p class='ocr_par' dir='ltr' id='par_1_4' title="bbox 260 2296 295 2321">
     <span class='ocr_line' id='line_1_4' title="bbox 260 2296 295 2321; baseline 0 0"><span class='ocrx_word' id='word_1_4' title='bbox 260 2296 295 2321; x_wconf 83' lang='grc'><strong>40</strong></span> 
     </span>
    </p>
   </div>
   <div class='ocr_carea' id='block_1_5' title="bbox 362 140 1102 183">
    <p class='ocr_par' dir='ltr' id='par_1_5' title="bbox 362 140 1102 183">
     <span class='ocr_line' id='line_1_5' title="bbox 362 140 1102 183; baseline 0.003 -2"><span class='ocrx_word' id='word_1_5' title='bbox 362 140 451 181; x_wconf 89' lang='grc'><strong>156</strong></span> <span class='ocrx_word' id='word_1_6' title='bbox 588 148 776 182; x_wconf 88' lang='lat' dir='ltr'><strong><em>SERIUM</em></strong></span> <span class='ocrx_word' id='word_1_7' title='bbox 797 149 1102 183; x_wconf 85' lang='lat' dir='ltr'><strong><em>SENECTUTIS</em></strong></span> 
     </span>
    </p>
   </div>
   <div class='ocr_carea' id='block_1_6' title="bbox 360 271 1495 664">
    <p class='ocr_par' dir='ltr' id='par_1_6' title="bbox 360 271 1495 664">
     <span class='ocr_line' id='line_1_6' title="bbox 361 271 1455 331; baseline 0.004 -18"><span class='ocrx_word' id='word_1_8' title='bbox 361 271 482 314; x_wconf 88' lang='lat' dir='ltr'><strong>Bella</strong></span> <span class='ocrx_word' id='word_1_9' title='bbox 502 277 646 328; x_wconf 92' lang='lat' dir='ltr'><strong>paret,</strong></span> <span class='ocrx_word' id='word_1_10' title='bbox 664 273 879 329; x_wconf 88' lang='lat' dir='ltr'><strong>viresque</strong></span> <span class='ocrx_word' id='word_1_11' title='bbox 897 273 1056 315; x_wconf 90' lang='lat' dir='ltr'><strong>valens</strong></span> <span class='ocrx_word' id='word_1_12' title='bbox 1075 274 1245 316; x_wconf 90' lang='lat' dir='ltr'><strong>virtute</strong></span> <span class='ocrx_word' id='word_1_13' title='bbox 1263 275 1455 331; x_wconf 90' lang='lat' dir='ltr'><strong>vigoret,</strong></span> 
     </span>
     <span class='ocr_line' id='line_1_7' title="bbox 361 339 1495 397; baseline 0.003 -17"><span class='ocrx_word' id='word_1_14' title='bbox 361 339 414 380; x_wconf 89' lang='lat' dir='ltr'><strong>Et</strong></span> <span class='ocrx_word' id='word_1_15' title='bbox 433 343 622 380; x_wconf 89' lang='lat' dir='ltr'><strong>moueat</strong></span> <span class='ocrx_word' id='word_1_16' title='bbox 639 352 781 395; x_wconf 89' lang='lat' dir='ltr'><strong>veges</strong></span> <span class='ocrx_word' id='word_1_17' title='bbox 801 340 1003 381; x_wconf 90' lang='lat' dir='ltr'><strong>intensas</strong></span> <span class='ocrx_word' id='word_1_18' title='bbox 1022 354 1130 382; x_wconf 93' lang='lat' dir='ltr'><strong>cum</strong></span> <span class='ocrx_word' id='word_1_19' title='bbox 1149 354 1343 397; x_wconf 91' lang='lat' dir='ltr'><strong>corpore</strong></span> <span class='ocrx_word' id='word_1_20' title='bbox 1362 342 1495 391; x_wconf 84' lang='lat' dir='ltr'><strong>rixas,</strong></span> 
     </span>
     <span class='ocr_line' id='line_1_8' title="bbox 360 405 1467 461; baseline 0.003 -14"><span class='ocrx_word' id='word_1_21' title='bbox 360 405 492 447; x_wconf 85' lang='lat' dir='ltr'><strong>Stans</strong></span> <span class='ocrx_word' id='word_1_22' title='bbox 513 419 603 461; x_wconf 91' lang='lat' dir='ltr'><strong>ope</strong></span> <span class='ocrx_word' id='word_1_23' title='bbox 621 406 804 448; x_wconf 90' lang='lat' dir='ltr'><strong>virtutis</strong></span> <span class='ocrx_word' id='word_1_24' title='bbox 825 406 940 448; x_wconf 90' lang='lat' dir='ltr'><strong>leuis</strong></span> <span class='ocrx_word' id='word_1_25' title='bbox 961 407 1009 448; x_wconf 88' lang='lat' dir='ltr'><strong>in</strong></span> <span class='ocrx_word' id='word_1_26' title='bbox 1027 408 1274 449; x_wconf 87' lang='lat' dir='ltr'>certamine</span> <span class='ocrx_word' id='word_1_27' title='bbox 1292 408 1467 457; x_wconf 87' lang='lat' dir='ltr'><strong>victrix,</strong></span> 
     </span>
     <span class='ocr_line' id='line_1_9' title="bbox 361 472 1374 524; baseline 0.002 -10"><span class='ocrx_word' id='word_1_28' title='bbox 361 472 413 514; x_wconf 92' lang='lat' dir='ltr'><strong>Et</strong></span> <span class='ocrx_word' id='word_1_29' title='bbox 432 473 563 514; x_wconf 89' lang='lat' dir='ltr'><strong>uiuat</strong></span> <span class='ocrx_word' id='word_1_30' title='bbox 581 473 752 515; x_wconf 89' lang='lat' dir='ltr'><strong>virtute</strong></span> <span class='ocrx_word' id='word_1_31' title='bbox 771 473 887 515; x_wconf 87' lang='lat' dir='ltr'><strong>sacri</strong></span> <span class='ocrx_word' id='word_1_32' title='bbox 906 474 1166 516; x_wconf 84' lang='lat' dir='ltr'><strong>certaminis</strong></span> <span class='ocrx_word' id='word_1_33' title='bbox 1186 475 1374 524; x_wconf 75' lang='lat' dir='ltr'><strong>auctrix,</strong></span> 
     </span>
     <span class='ocr_line' id='line_1_10' title="bbox 360 539 1380 590; baseline 0.003 -9"><span class='ocrx_word' id='word_1_34' title='bbox 360 539 570 582; x_wconf 85' lang='lat' dir='ltr'><strong>Dormiat</strong></span> <span class='ocrx_word' id='word_1_35' title='bbox 589 544 634 582; x_wconf 88' lang='lat' dir='ltr'><strong>et</strong></span> <span class='ocrx_word' id='word_1_36' title='bbox 652 540 798 589; x_wconf 91' lang='lat' dir='ltr'><strong>viciis,</strong></span> <span class='ocrx_word' id='word_1_37' title='bbox 816 541 946 582; x_wconf 91' lang='lat' dir='ltr'><strong>uiuat</strong></span> <span class='ocrx_word' id='word_1_38' title='bbox 965 540 1226 590; x_wconf 88' lang='lat' dir='ltr'><strong>virtutibus,</strong></span> <span class='ocrx_word' id='word_1_39' title='bbox 1245 546 1297 584; x_wconf 93' lang='lat' dir='ltr'><strong>ut</strong></span> <span class='ocrx_word' id='word_1_40' title='bbox 1316 542 1380 584; x_wconf 90' lang='lat' dir='ltr'><strong>sic</strong></span> 
     </span>
     <span class='ocr_line' id='line_1_11' title="bbox 360 606 1424 664; baseline 0.002 -16"><span class='ocrx_word' id='word_1_41' title='bbox 360 606 597 663; x_wconf 89' lang='lat' dir='ltr'><strong>Transigat</strong></span> <span class='ocrx_word' id='word_1_42' title='bbox 616 607 665 648; x_wconf 89' lang='lat' dir='ltr'><strong>in</strong></span> <span class='ocrx_word' id='word_1_43' title='bbox 683 606 849 649; x_wconf 91' lang='lat' dir='ltr'><strong>melius</strong></span> <span class='ocrx_word' id='word_1_44' title='bbox 868 607 1024 649; x_wconf 88' lang='lat' dir='ltr'><strong>vitalia</strong></span> <span class='ocrx_word' id='word_1_45' title='bbox 1044 613 1254 664; x_wconf 90' lang='lat' dir='ltr'><strong>tempora</strong></span> <span class='ocrx_word' id='word_1_46' title='bbox 1272 609 1424 650; x_wconf 89' lang='lat' dir='ltr'><strong>viuus.</strong></span> 
     </span>
    </p>
   </div>
   <div class='ocr_carea' id='block_1_7' title="bbox 355 735 2044 2525">
    <p class='ocr_par' dir='ltr' id='par_1_7' title="bbox 358 735 2044 1668">
     <span class='ocr_line' id='line_1_12' title="bbox 424 735 2044 800; baseline 0.003 -19"><span class='ocrx_word' id='word_1_47' title='bbox 424 739 495 793; x_wconf 92' lang='grc'><strong>[1.]</strong></span> <span class='ocrx_word' id='word_1_48' title='bbox 517 740 588 782; x_wconf 92' lang='lat' dir='ltr'><strong>Sic</strong></span> <span class='ocrx_word' id='word_1_49' title='bbox 607 741 746 796; x_wconf 91' lang='lat' dir='ltr'><strong>igitur</strong></span> <span class='ocrx_word' id='word_1_50' title='bbox 764 741 813 782; x_wconf 91' lang='lat' dir='ltr'><strong>in</strong></span> <span class='ocrx_word' id='word_1_51' title='bbox 829 754 886 782; x_wconf 91' lang='lat' dir='ltr'><strong>eo</strong></span> <span class='ocrx_word' id='word_1_52' title='bbox 905 740 1033 797; x_wconf 95' lang='lat' dir='ltr'><strong>quod</strong></span> <span class='ocrx_word' id='word_1_53' title='bbox 1053 742 1102 783; x_wconf 94' lang='lat' dir='ltr'><strong>in</strong></span> <span class='ocrx_word' id='word_1_54' title='bbox 1120 742 1320 798; x_wconf 82' lang='lat' dir='ltr'><strong>presenti</strong></span> <span class='ocrx_word' id='word_1_55' title='bbox 1338 756 1528 798; x_wconf 89' lang='lat' dir='ltr'><strong>pergere</strong></span> <span class='ocrx_word' id='word_1_56' title='bbox 1547 744 1764 800; x_wconf 91' lang='lat' dir='ltr'><strong>prosequi</strong></span> <span class='ocrx_word' id='word_1_57' title='bbox 1782 735 1884 800; x_wconf 90' lang='lat' dir='ltr'><strong>pro¹</strong></span> <span class='ocrx_word' id='word_1_58' title='bbox 1905 757 2044 800; x_wconf 89' lang='lat' dir='ltr'><strong>posse</strong></span> 
     </span>
     <span class='ocr_line' id='line_1_13' title="bbox 360 807 2044 865; baseline 0.003 -17"><span class='ocrx_word' id='word_1_59' title='bbox 360 821 573 863; x_wconf 88' lang='lat' dir='ltr'><strong>procuro,</strong></span> <span class='ocrx_word' id='word_1_60' title='bbox 590 807 738 849; x_wconf 92' lang='lat' dir='ltr'><strong>solam</strong></span> <span class='ocrx_word' id='word_1_61' title='bbox 755 808 888 864; x_wconf 88' lang='lat' dir='ltr'><strong>quasi</strong></span> <span class='ocrx_word' id='word_1_62' title='bbox 904 808 1044 850; x_wconf 90' lang='lat' dir='ltr'><strong>maris</strong></span> <span class='ocrx_word' id='word_1_63' title='bbox 1061 813 1106 850; x_wconf 93' lang='lat' dir='ltr'><strong>et</strong></span> <span class='ocrx_word' id='word_1_64' title='bbox 1135 808 1226 865; x_wconf 73' lang='grc' dir='ltr'><strong>140ῐ</strong></span> <span class='ocrx_word' id='word_1_65' title='bbox 1241 809 1247 865; x_wconf 90' lang='grc' dir='ltr'>Ι</span> <span class='ocrx_word' id='word_1_66' title='bbox 1276 808 1446 851; x_wconf 91' lang='lat' dir='ltr'><strong>femine</strong></span> <span class='ocrx_word' id='word_1_67' title='bbox 1461 810 1837 853; x_wconf 87' lang='lat' dir='ltr'><strong>conuenienciam</strong></span> <span class='ocrx_word' id='word_1_68' title='bbox 1852 825 2044 853; x_wconf 87' lang='lat' dir='ltr'><strong>consue-</strong></span> 
     </span>
     <span class='ocr_line' id='line_1_14' title="bbox 360 873 2044 932; baseline 0.003 -17"><span class='ocrx_word' id='word_1_69' title='bbox 360 873 534 915; x_wconf 80' lang='lat' dir='ltr'><strong>tudinis</strong></span> <span class='ocrx_word' id='word_1_70' title='bbox 555 879 600 916; x_wconf 88' lang='lat' dir='ltr'><strong>et</strong></span> <span class='ocrx_word' id='word_1_71' title='bbox 619 888 873 916; x_wconf 89' lang='lat' dir='ltr'><strong>consensus</strong></span> <span class='ocrx_word' id='word_1_72' title='bbox 895 876 1200 931; x_wconf 90' lang='lat' dir='ltr'><strong>perpetuitate</strong></span> <span class='ocrx_word' id='word_1_73' title='bbox 1219 876 1352 932; x_wconf 89' lang='lat' dir='ltr'><strong>quasi</strong></span> <span class='ocrx_word' id='word_1_74' title='bbox 1371 877 1764 919; x_wconf 87' lang='lat' dir='ltr'><strong>matrimonialiter</strong></span> <span class='ocrx_word' id='word_1_75' title='bbox 1783 877 2044 927; x_wconf 72' lang='lat' dir='ltr'><strong>solidatam,</strong></span> 
     </span>
     <span class='ocr_line' id='line_1_15' title="bbox 359 941 2044 1000; baseline 0.003 -18"><span class='ocrx_word' id='word_1_76' title='bbox 359 941 408 982; x_wconf 88' lang='lat' dir='ltr'><strong>in</strong></span> <span class='ocrx_word' id='word_1_77' title='bbox 427 954 484 982; x_wconf 93' lang='lat' dir='ltr'><strong>eo</strong></span> <span class='ocrx_word' id='word_1_78' title='bbox 504 941 598 982; x_wconf 93' lang='lat' dir='ltr'><strong>vite</strong></span> <span class='ocrx_word' id='word_1_79' title='bbox 619 941 1006 983; x_wconf 88' lang='lat' dir='ltr'><strong>consuetudinem</strong></span> <span class='ocrx_word' id='word_1_80' title='bbox 1026 942 1314 999; x_wconf 91' lang='lat' dir='ltr'><strong>contemplor</strong></span> <span class='ocrx_word' id='word_1_81' title='bbox 1334 942 1421 984; x_wconf 90' lang='lat' dir='ltr'><strong>hoc</strong></span> <span class='ocrx_word' id='word_1_82' title='bbox 1443 944 1695 1000; x_wconf 90' lang='lat' dir='ltr'><strong>proposito.</strong></span> <span class='ocrx_word' id='word_1_83' title='bbox 1715 944 1832 986; x_wconf 88' lang='lat' dir='ltr'><strong>Satis</strong></span> <span class='ocrx_word' id='word_1_84' title='bbox 1852 945 2044 986; x_wconf 89' lang='lat' dir='ltr'><strong>circum-</strong></span> 
     </span>
     <span class='ocr_line' id='line_1_16' title="bbox 359 999 2043 1067; baseline 0.002 -18"><span class='ocrx_word' id='word_1_85' title='bbox 359 999 565 1063; x_wconf 86' lang='lat' dir='ltr'><strong>spectus²</strong></span> <span class='ocrx_word' id='word_1_86' title='bbox 590 1007 666 1049; x_wconf 93' lang='lat' dir='ltr'><strong>uel</strong></span> <span class='ocrx_word' id='word_1_87' title='bbox 691 1009 740 1050; x_wconf 91' lang='lat' dir='ltr'><strong>in</strong></span> <span class='ocrx_word' id='word_1_88' title='bbox 764 1008 851 1050; x_wconf 91' lang='lat' dir='ltr'><strong>hoc</strong></span> <span class='ocrx_word' id='word_1_89' title='bbox 878 1022 1048 1064; x_wconf 89' lang='lat' dir='ltr'><strong>gnarus</strong></span> <span class='ocrx_word' id='word_1_90' title='bbox 1074 1010 1220 1051; x_wconf 91' lang='lat' dir='ltr'><strong>eciam</strong></span> <span class='ocrx_word' id='word_1_91' title='bbox 1245 1009 1373 1065; x_wconf 92' lang='lat' dir='ltr'><strong>quod</strong></span> <span class='ocrx_word' id='word_1_92' title='bbox 1400 1009 1539 1051; x_wconf 93' lang='lat' dir='ltr'><strong>libere</strong></span> <span class='ocrx_word' id='word_1_93' title='bbox 1563 1010 1767 1052; x_wconf 87' lang='lat' dir='ltr'><strong>mulieris</strong></span> <span class='ocrx_word' id='word_1_94' title='bbox 1792 1011 2043 1067; x_wconf 87' lang='lat' dir='ltr'><strong>virginisue</strong></span> 
     </span>
     <span class='ocr_line' id='line_1_17' title="bbox 359 1067 2042 1132; baseline 0.003 -17"><span class='ocrx_word' id='word_1_95' title='bbox 359 1074 695 1116; x_wconf 89' lang='lat' dir='ltr'><strong>matrimoniale</strong></span> <span class='ocrx_word' id='word_1_96' title='bbox 711 1067 1098 1124; x_wconf 63' lang='lat' dir='ltr'><strong>contubernium?</strong></span> <span class='ocrx_word' id='word_1_97' title='bbox 1114 1077 1323 1132; x_wconf 91' lang='lat' dir='ltr'><strong>personis</strong></span> <span class='ocrx_word' id='word_1_98' title='bbox 1341 1076 1401 1118; x_wconf 93' lang='lat' dir='ltr'><strong>ad</strong></span> <span class='ocrx_word' id='word_1_99' title='bbox 1418 1077 1616 1118; x_wconf 89' lang='lat' dir='ltr'><strong>invicem</strong></span> <span class='ocrx_word' id='word_1_100' title='bbox 1632 1091 1743 1119; x_wconf 91' lang='lat' dir='ltr'><strong>sana</strong></span> <span class='ocrx_word' id='word_1_101' title='bbox 1759 1077 2042 1120; x_wconf 90' lang='lat' dir='ltr'><strong>condicionis</strong></span> 
     </span>
     <span class='ocr_line' id='line_1_18' title="bbox 359 1141 2042 1198; baseline 0.003 -16"><span class='ocrx_word' id='word_1_102' title='bbox 359 1141 407 1182; x_wconf 92' lang='lat' dir='ltr'><strong>in</strong></span> <span class='ocrx_word' id='word_1_103' title='bbox 436 1141 720 1197; x_wconf 89' lang='lat' dir='ltr'><strong>inspectione</strong></span> <span class='ocrx_word' id='word_1_104' title='bbox 750 1143 1043 1198; x_wconf 91' lang='lat' dir='ltr'><strong>comparatis,</strong></span> <span class='ocrx_word' id='word_1_105' title='bbox 1073 1156 1169 1184; x_wconf 89' lang='lat' dir='ltr'><strong>non</strong></span> <span class='ocrx_word' id='word_1_106' title='bbox 1197 1142 1529 1185; x_wconf 87' lang='lat' dir='ltr'><strong>concubinatus</strong></span> <span class='ocrx_word' id='word_1_107' title='bbox 1560 1157 1661 1185; x_wconf 92' lang='lat' dir='ltr'><strong>esse</strong></span> <span class='ocrx_word' id='word_1_108' title='bbox 1690 1149 1929 1186; x_wconf 85' lang='lat' dir='ltr'><strong>censeatur</strong></span> <span class='ocrx_word' id='word_1_109' title='bbox 1959 1144 2042 1186; x_wconf 91' lang='lat' dir='ltr'><strong>sed</strong></span> 
     </span>
     <span class='ocr_line' id='line_1_19' title="bbox 359 1209 2042 1265; baseline 0.002 -16"><span class='ocrx_word' id='word_1_110' title='bbox 359 1209 721 1258; x_wconf 75' lang='lat' dir='ltr'><strong>matrimonium,</strong></span> <span class='ocrx_word' id='word_1_111' title='bbox 756 1210 997 1265; x_wconf 89' lang='lat' dir='ltr'><strong>presertim</strong></span> <span class='ocrx_word' id='word_1_112' title='bbox 1032 1223 1140 1251; x_wconf 91' lang='lat' dir='ltr'><strong>cum</strong></span> <span class='ocrx_word' id='word_1_113' title='bbox 1176 1209 1329 1251; x_wconf 91' lang='lat' dir='ltr'><strong>tabule</strong></span> <span class='ocrx_word' id='word_1_114' title='bbox 1363 1224 1459 1251; x_wconf 92' lang='lat' dir='ltr'><strong>non</strong></span> <span class='ocrx_word' id='word_1_115' title='bbox 1492 1209 1706 1260; x_wconf 81' lang='lat' dir='ltr'><strong>efficiant,</strong></span> <span class='ocrx_word' id='word_1_116' title='bbox 1740 1210 1823 1253; x_wconf 92' lang='lat' dir='ltr'><strong>sed</strong></span> <span class='ocrx_word' id='word_1_117' title='bbox 1860 1210 2042 1253; x_wconf 77' lang='lat' dir='ltr'><strong>affectio</strong></span> 
     </span>
     <span class='ocr_line' id='line_1_20' title="bbox 358 1275 2043 1335; baseline 0.002 -19"><span class='ocrx_word' id='word_1_118' title='bbox 358 1276 639 1317; x_wconf 91' lang='lat' dir='ltr'><strong>conueniens</strong></span> <span class='ocrx_word' id='word_1_119' title='bbox 658 1281 703 1317; x_wconf 91' lang='lat' dir='ltr'><strong>et</strong></span> <span class='ocrx_word' id='word_1_120' title='bbox 722 1275 992 1332; x_wconf 89' lang='lat' dir='ltr'><strong>adprobata,</strong></span> <span class='ocrx_word' id='word_1_121' title='bbox 1011 1276 1346 1318; x_wconf 79' lang='lat' dir='ltr'><strong>matrimoniale</strong></span> <span class='ocrx_word' id='word_1_122' title='bbox 1363 1279 1705 1320; x_wconf 89' lang='lat' dir='ltr'><strong>commercium.</strong></span> <span class='ocrx_word' id='word_1_123' title='bbox 1725 1279 1871 1320; x_wconf 91' lang='lat' dir='ltr'><strong>Variis</strong></span> <span class='ocrx_word' id='word_1_124' title='bbox 1889 1279 2043 1335; x_wconf 88' lang='lat' dir='ltr'><strong>itaque</strong></span> 
     </span>
     <span class='ocr_line' id='line_1_21' title="bbox 359 1337 2042 1399; baseline 0.002 -16"><span class='ocrx_word' id='word_1_125' title='bbox 359 1342 687 1399; x_wconf 84' lang='lat' dir='ltr'><strong>triuialiterque</strong></span> <span class='ocrx_word' id='word_1_126' title='bbox 716 1343 831 1384; x_wconf 91' lang='lat' dir='ltr'><strong>tritis</strong></span> <span class='ocrx_word' id='word_1_127' title='bbox 859 1342 920 1384; x_wconf 91' lang='lat' dir='ltr'><strong>ad</strong></span> <span class='ocrx_word' id='word_1_128' title='bbox 950 1343 998 1385; x_wconf 94' lang='lat' dir='ltr'><strong>id</strong></span> <span class='ocrx_word' id='word_1_129' title='bbox 1027 1343 1395 1385; x_wconf 90' lang='lat' dir='ltr'><strong>inductiuissime</strong></span> <span class='ocrx_word' id='word_1_130' title='bbox 1423 1344 1682 1386; x_wconf 90' lang='lat' dir='ltr'><strong>racionibus</strong></span> <span class='ocrx_word' id='word_1_131' title='bbox 1709 1337 2042 1387; x_wconf 78' lang='lat' dir='ltr'><strong>subsolaribus⁴</strong></span> 
     </span>
     <span class='ocr_line' id='line_1_22' title="bbox 359 1403 2043 1467; baseline 0.002 -17"><span class='ocrx_word' id='word_1_132' title='bbox 359 1409 844 1466; x_wconf 89' lang='lat' dir='ltr'><strong>argumentalibusque</strong></span> <span class='ocrx_word' id='word_1_133' title='bbox 867 1410 1300 1467; x_wconf 90' lang='lat' dir='ltr'><strong>presumpcionibus</strong></span> <span class='ocrx_word' id='word_1_134' title='bbox 1323 1410 1485 1453; x_wconf 91' lang='lat' dir='ltr'><strong>talium</strong></span> <span class='ocrx_word' id='word_1_135' title='bbox 1507 1403 1664 1453; x_wconf 89' lang='lat' dir='ltr'><strong>talem⁵</strong></span> <span class='ocrx_word' id='word_1_136' title='bbox 1687 1417 1782 1454; x_wconf 92' lang='lat' dir='ltr'><strong>tam</strong></span> <span class='ocrx_word' id='word_1_137' title='bbox 1804 1425 1914 1454; x_wconf 89' lang='lat' dir='ltr'><strong>sane</strong></span> <span class='ocrx_word' id='word_1_138' title='bbox 1935 1425 2043 1454; x_wconf 90' lang='lat' dir='ltr'><strong>con-</strong></span> 
     </span>
     <span class='ocr_line' id='line_1_23' title="bbox 359 1470 2042 1528; baseline 0.002 -11"><span class='ocrx_word' id='word_1_139' title='bbox 359 1476 672 1518; x_wconf 91' lang='lat' dir='ltr'><strong>iunctiuorum</strong></span> <span class='ocrx_word' id='word_1_140' title='bbox 690 1477 1026 1518; x_wconf 89' lang='lat' dir='ltr'><strong>coniunctionis</strong></span> <span class='ocrx_word' id='word_1_141' title='bbox 1047 1470 1415 1519; x_wconf 90' lang='lat' dir='ltr'><strong>matrimonialis⁶</strong></span> <span class='ocrx_word' id='word_1_142' title='bbox 1434 1479 1554 1520; x_wconf 89' lang='lat' dir='ltr'><strong>nitor</strong></span> <span class='ocrx_word' id='word_1_143' title='bbox 1573 1478 1633 1520; x_wconf 93' lang='lat' dir='ltr'><strong>ad</strong></span> <span class='ocrx_word' id='word_1_144' title='bbox 1654 1478 2042 1528; x_wconf 90' lang='lat' dir='ltr'><strong>indiuiduitatem,</strong></span> 
     </span>
     <span class='ocr_line' id='line_1_24' title="bbox 358 1543 2041 1599; baseline 0.002 -15"><span class='ocrx_word' id='word_1_145' title='bbox 358 1557 452 1599; x_wconf 95' lang='lat' dir='ltr'><strong>quo</strong></span> <span class='ocrx_word' id='word_1_146' title='bbox 483 1544 700 1585; x_wconf 89' lang='lat' dir='ltr'><strong>continue</strong></span> <span class='ocrx_word' id='word_1_147' title='bbox 729 1544 981 1586; x_wconf 91' lang='lat' dir='ltr'><strong>conviuant</strong></span> <span class='ocrx_word' id='word_1_148' title='bbox 1011 1543 1262 1586; x_wconf 87' lang='lat' dir='ltr'><strong>honestatis</strong></span> <span class='ocrx_word' id='word_1_149' title='bbox 1294 1545 1342 1586; x_wconf 91' lang='lat' dir='ltr'><strong>in</strong></span> <span class='ocrx_word' id='word_1_150' title='bbox 1372 1544 1651 1588; x_wconf 83' lang='lat' dir='ltr'><strong>indifferenti</strong></span> <span class='ocrx_word' id='word_1_151' title='bbox 1680 1546 2041 1595; x_wconf 89' lang='lat' dir='ltr'><strong>continuacione,</strong></span> 
     </span>
     <span class='ocr_line' id='line_1_25' title="bbox 358 1603 1945 1668; baseline 0.002 -17"><span class='ocrx_word' id='word_1_152' title='bbox 358 1615 674 1666; x_wconf 90' lang='lat' dir='ltr'><strong>perpetuaque</strong></span> <span class='ocrx_word' id='word_1_153' title='bbox 694 1610 953 1667; x_wconf 90' lang='lat' dir='ltr'><strong>penalitatis</strong></span> <span class='ocrx_word' id='word_1_154' title='bbox 974 1625 1084 1652; x_wconf 91' lang='lat' dir='ltr'><strong>sane</strong></span> <span class='ocrx_word' id='word_1_155' title='bbox 1103 1603 1333 1653; x_wconf 88' lang='lat' dir='ltr'><strong>viuentes⁷</strong></span> <span class='ocrx_word' id='word_1_156' title='bbox 1352 1612 1594 1668; x_wconf 89' lang='lat' dir='ltr'><strong>proficiant</strong></span> <span class='ocrx_word' id='word_1_157' title='bbox 1613 1613 1662 1654; x_wconf 91' lang='lat' dir='ltr'><strong>in</strong></span> <span class='ocrx_word' id='word_1_158' title='bbox 1680 1613 1945 1654; x_wconf 90' lang='lat' dir='ltr'><strong>euitacione.</strong></span> 
     </span>
    </p>

    <p class='ocr_par' dir='ltr' id='par_1_8' title="bbox 357 1676 2042 2069">
     <span class='ocr_line' id='line_1_26' title="bbox 422 1676 2042 1731; baseline 0.002 -13"><span class='ocrx_word' id='word_1_159' title='bbox 422 1676 493 1731; x_wconf 86' lang='grc'><strong>[2.]</strong></span> <span class='ocrx_word' id='word_1_160' title='bbox 517 1677 692 1719; x_wconf 92' lang='lat' dir='ltr'><strong>Reuera</strong></span> <span class='ocrx_word' id='word_1_161' title='bbox 707 1677 972 1719; x_wconf 89' lang='lat' dir='ltr'><strong>venerande</strong></span> <span class='ocrx_word' id='word_1_162' title='bbox 987 1679 1228 1720; x_wconf 89' lang='lat' dir='ltr'><strong>vetustatis</strong></span> <span class='ocrx_word' id='word_1_163' title='bbox 1244 1679 1371 1720; x_wconf 92' lang='lat' dir='ltr'><strong>varia</strong></span> <span class='ocrx_word' id='word_1_164' title='bbox 1387 1693 1569 1720; x_wconf 91' lang='lat' dir='ltr'><strong>sumere</strong></span> <span class='ocrx_word' id='word_1_165' title='bbox 1585 1678 1654 1721; x_wconf 91' lang='lat' dir='ltr'><strong>fas</strong></span> <span class='ocrx_word' id='word_1_166' title='bbox 1670 1685 1739 1721; x_wconf 92' lang='lat' dir='ltr'><strong>est</strong></span> <span class='ocrx_word' id='word_1_167' title='bbox 1754 1693 1809 1721; x_wconf 88' lang='lat' dir='ltr'><strong>ex</strong></span> <span class='ocrx_word' id='word_1_168' title='bbox 1825 1680 2042 1721; x_wconf 90' lang='lat' dir='ltr'><strong>assercio-</strong></span> 
     </span>
     <span class='ocr_line' id='line_1_27' title="bbox 358 1743 2042 1802; baseline 0.002 -17"><span class='ocrx_word' id='word_1_169' title='bbox 358 1743 493 1786; x_wconf 89' lang='lat' dir='ltr'><strong>nibus</strong></span> <span class='ocrx_word' id='word_1_170' title='bbox 535 1750 806 1801; x_wconf 89' lang='lat' dir='ltr'><strong>argumenta</strong></span> <span class='ocrx_word' id='word_1_171' title='bbox 846 1744 975 1802; x_wconf 93' lang='lat' dir='ltr'><strong>quod</strong></span> <span class='ocrx_word' id='word_1_172' title='bbox 1017 1744 1313 1787; x_wconf 91' lang='lat' dir='ltr'><strong>mendacium</strong></span> <span class='ocrx_word' id='word_1_173' title='bbox 1353 1745 1646 1788; x_wconf 90' lang='lat' dir='ltr'><strong>subsecutiue</strong></span> <span class='ocrx_word' id='word_1_174' title='bbox 1686 1747 1776 1788; x_wconf 90' lang='lat' dir='ltr'><strong>sint</strong></span> <span class='ocrx_word' id='word_1_175' title='bbox 1815 1745 2042 1788; x_wconf 90' lang='lat' dir='ltr'><strong>fuerintve</strong></span> 
     </span>
     <span class='ocr_line' id='line_1_28' title="bbox 358 1811 2042 1869; baseline 0.002 -16"><span class='ocrx_word' id='word_1_176' title='bbox 358 1811 709 1861; x_wconf 89' lang='lat' dir='ltr'><strong>mendaciorum</strong></span> <span class='ocrx_word' id='word_1_177' title='bbox 730 1813 941 1869; x_wconf 90' lang='lat' dir='ltr'><strong>punitiue</strong></span> <span class='ocrx_word' id='word_1_178' title='bbox 963 1812 1231 1869; x_wconf 91' lang='lat' dir='ltr'><strong>penalitates</strong></span> <span class='ocrx_word' id='word_1_179' title='bbox 1253 1818 1298 1855; x_wconf 95' lang='lat' dir='ltr'><strong>et</strong></span> <span class='ocrx_word' id='word_1_180' title='bbox 1320 1818 1558 1855; x_wconf 87' lang='lat' dir='ltr'><strong>tormenta.</strong></span> <span class='ocrx_word' id='word_1_181' title='bbox 1581 1814 1692 1856; x_wconf 91' lang='lat' dir='ltr'><strong>Non</strong></span> <span class='ocrx_word' id='word_1_182' title='bbox 1712 1819 1867 1856; x_wconf 87' lang='lat' dir='ltr'><strong>tamen</strong></span> <span class='ocrx_word' id='word_1_183' title='bbox 1886 1814 2042 1856; x_wconf 88' lang='lat' dir='ltr'><strong>omnia</strong></span> 
     </span>
     <span class='ocr_line' id='line_1_29' title="bbox 357 1879 2042 1938; baseline 0.002 -18"><span class='ocrx_word' id='word_1_184' title='bbox 357 1879 533 1935; x_wconf 90' lang='lat' dir='ltr'><strong>passim</strong></span> <span class='ocrx_word' id='word_1_185' title='bbox 547 1880 789 1921; x_wconf 89' lang='lat' dir='ltr'><strong>vetustatis</strong></span> <span class='ocrx_word' id='word_1_186' title='bbox 806 1885 978 1921; x_wconf 88' lang='lat' dir='ltr'><strong>asserta</strong></span> <span class='ocrx_word' id='word_1_187' title='bbox 993 1881 1196 1922; x_wconf 90' lang='lat' dir='ltr'><strong>veritatis</strong></span> <span class='ocrx_word' id='word_1_188' title='bbox 1212 1881 1261 1922; x_wconf 90' lang='lat' dir='ltr'><strong>in</strong></span> <span class='ocrx_word' id='word_1_189' title='bbox 1275 1881 1530 1922; x_wconf 89' lang='lat' dir='ltr'><strong>sinceritate</strong></span> <span class='ocrx_word' id='word_1_190' title='bbox 1545 1881 1691 1923; x_wconf 87' lang='lat' dir='ltr'><strong>fateor</strong></span> <span class='ocrx_word' id='word_1_191' title='bbox 1705 1882 1896 1923; x_wconf 91' lang='lat' dir='ltr'><strong>omnino</strong></span> <span class='ocrx_word' id='word_1_192' title='bbox 1910 1895 2042 1938; x_wconf 86' lang='lat' dir='ltr'><strong>pura,</strong></span> 
     </span>
     <span class='ocr_line' id='line_1_30' title="bbox 357 1945 2041 2004; baseline 0.002 -17"><span class='ocrx_word' id='word_1_193' title='bbox 357 1945 440 1987; x_wconf 93' lang='lat' dir='ltr'><strong>sed</strong></span> <span class='ocrx_word' id='word_1_194' title='bbox 454 1945 514 1987; x_wconf 90' lang='lat' dir='ltr'><strong>ad</strong></span> <span class='ocrx_word' id='word_1_195' title='bbox 527 1946 868 2002; x_wconf 89' lang='lat' dir='ltr'><strong>restringendas</strong></span> <span class='ocrx_word' id='word_1_196' title='bbox 880 1946 1230 1989; x_wconf 90' lang='lat' dir='ltr'><strong>mendaciorum</strong></span> <span class='ocrx_word' id='word_1_197' title='bbox 1242 1947 1436 1989; x_wconf 86' lang='lat' dir='ltr'><strong>laxitatis</strong></span> <span class='ocrx_word' id='word_1_198' title='bbox 1447 1947 1649 1989; x_wconf 90' lang='lat' dir='ltr'><strong>habenas</strong></span> <span class='ocrx_word' id='word_1_199' title='bbox 1659 1947 1735 1990; x_wconf 92' lang='lat' dir='ltr'><strong>vel</strong></span> <span class='ocrx_word' id='word_1_200' title='bbox 1745 1947 2041 2004; x_wconf 89' lang='lat' dir='ltr'><strong>superficiali-</strong></span> 
     </span>
     <span class='ocr_line' id='line_1_31' title="bbox 358 2014 825 2069; baseline 0.004 -16"><span class='ocrx_word' id='word_1_201' title='bbox 358 2017 425 2053; x_wconf 91' lang='lat' dir='ltr'><strong>ter</strong></span> <span class='ocrx_word' id='word_1_202' title='bbox 444 2014 825 2069; x_wconf 90' lang='lat' dir='ltr'><strong>argumentatiua.</strong></span> 
     </span>
    </p>

    <p class='ocr_par' dir='ltr' id='par_1_9' title="bbox 355 2078 2041 2525">
     <span class='ocr_line' id='line_1_32' title="bbox 421 2078 2040 2136; baseline 0.001 -15"><span class='ocrx_word' id='word_1_203' title='bbox 421 2078 492 2133; x_wconf 85' lang='lat'><strong>[3.]</strong></span> <span class='ocrx_word' id='word_1_204' title='bbox 515 2080 695 2121; x_wconf 90' lang='lat' dir='ltr'><strong>Notum</strong></span> <span class='ocrx_word' id='word_1_205' title='bbox 719 2080 844 2129; x_wconf 90' lang='lat' dir='ltr'><strong>satis,</strong></span> <span class='ocrx_word' id='word_1_206' title='bbox 868 2085 920 2122; x_wconf 92' lang='lat' dir='ltr'><strong>ut</strong></span> <span class='ocrx_word' id='word_1_207' title='bbox 944 2094 1160 2136; x_wconf 91' lang='lat' dir='ltr'><strong>auguror,</strong></span> <span class='ocrx_word' id='word_1_208' title='bbox 1184 2086 1253 2122; x_wconf 91' lang='lat' dir='ltr'><strong>est</strong></span> <span class='ocrx_word' id='word_1_209' title='bbox 1277 2080 1471 2123; x_wconf 92' lang='lat' dir='ltr'><strong>rudibus</strong></span> <span class='ocrx_word' id='word_1_210' title='bbox 1496 2082 1642 2123; x_wconf 92' lang='lat' dir='ltr'><strong>eciam</strong></span> <span class='ocrx_word' id='word_1_211' title='bbox 1666 2082 1845 2123; x_wconf 90' lang='lat' dir='ltr'><strong>rusticis</strong></span> <span class='ocrx_word' id='word_1_212' title='bbox 1870 2082 2040 2123; x_wconf 90' lang='lat' dir='ltr'><strong>rustico</strong></span> 
     </span>
     <span class='ocr_line' id='line_1_33' title="bbox 356 2146 2041 2204; baseline 0.002 -17"><span class='ocrx_word' id='word_1_213' title='bbox 356 2151 585 2188; x_wconf 91' lang='lat' dir='ltr'><strong>vetustate</strong></span> <span class='ocrx_word' id='word_1_214' title='bbox 598 2147 691 2188; x_wconf 92' lang='lat' dir='ltr'><strong>iam</strong></span> <span class='ocrx_word' id='word_1_215' title='bbox 705 2146 788 2188; x_wconf 93' lang='lat' dir='ltr'><strong>diu</strong></span> <span class='ocrx_word' id='word_1_216' title='bbox 802 2146 984 2189; x_wconf 90' lang='lat' dir='ltr'><strong>diucius</strong></span> <span class='ocrx_word' id='word_1_217' title='bbox 999 2148 1329 2189; x_wconf 90' lang='lat' dir='ltr'><strong>autenticatum</strong></span> <span class='ocrx_word' id='word_1_218' title='bbox 1343 2148 1520 2189; x_wconf 87' lang='lat' dir='ltr'><strong>triuiale</strong></span> <span class='ocrx_word' id='word_1_219' title='bbox 1533 2147 1808 2204; x_wconf 86' lang='lat' dir='ltr'><strong>figmentum</strong></span> <span class='ocrx_word' id='word_1_220' title='bbox 1821 2147 1908 2190; x_wconf 87' lang='lat' dir='ltr'><strong>sibi</strong></span> <span class='ocrx_word' id='word_1_221' title='bbox 1921 2147 2041 2190; x_wconf 92' lang='lat' dir='ltr'><strong>male</strong></span> 
     </span>
     <span class='ocr_line' id='line_1_34' title="bbox 357 2206 2040 2272; baseline 0.001 -18"><span class='ocrx_word' id='word_1_222' title='bbox 357 2214 601 2255; x_wconf 91' lang='lat' dir='ltr'><strong>mencienti</strong></span> <span class='ocrx_word' id='word_1_223' title='bbox 622 2213 682 2255; x_wconf 92' lang='lat' dir='ltr'><strong>de</strong></span> <span class='ocrx_word' id='word_1_224' title='bbox 703 2215 827 2255; x_wconf 82' lang='lat' dir='ltr'><strong>Bato.</strong></span> <span class='ocrx_word' id='word_1_225' title='bbox 849 2215 987 2255; x_wconf 90' lang='lat' dir='ltr'><strong>Batus</strong></span> <span class='ocrx_word' id='word_1_226' title='bbox 1009 2215 1162 2271; x_wconf 91' lang='lat' dir='ltr'><strong>itaque</strong></span> <span class='ocrx_word' id='word_1_227' title='bbox 1184 2215 1295 2271; x_wconf 92' lang='lat' dir='ltr'><strong>(quo</strong></span> <span class='ocrx_word' id='word_1_228' title='bbox 1316 2215 1551 2256; x_wconf 89' lang='lat' dir='ltr'><strong>triuialiter</strong></span> <span class='ocrx_word' id='word_1_229' title='bbox 1572 2216 1674 2256; x_wconf 90' lang='lat' dir='ltr'><strong>trita</strong></span> <span class='ocrx_word' id='word_1_230' title='bbox 1694 2215 1768 2257; x_wconf 92' lang='lat' dir='ltr'><strong>vel</strong></span> <span class='ocrx_word' id='word_1_231' title='bbox 1788 2206 2040 2272; x_wconf 84' lang='lat' dir='ltr'><strong>aliquanto⁸</strong></span> 
     </span>
     <span class='ocr_line' id='line_1_35' title="bbox 356 2279 2040 2338; baseline 0.002 -17"><span class='ocrx_word' id='word_1_232' title='bbox 356 2279 640 2336; x_wconf 88' lang='lat' dir='ltr'><strong>loquelaliter</strong></span> <span class='ocrx_word' id='word_1_233' title='bbox 680 2280 889 2322; x_wconf 90' lang='lat' dir='ltr'><strong>ludendo</strong></span> <span class='ocrx_word' id='word_1_234' title='bbox 930 2282 1148 2338; x_wconf 91' lang='lat' dir='ltr'><strong>prosequi</strong></span> <span class='ocrx_word' id='word_1_235' title='bbox 1188 2281 1469 2338; x_wconf 90' lang='lat' dir='ltr'><strong>pergamus),</strong></span> <span class='ocrx_word' id='word_1_236' title='bbox 1510 2281 1626 2324; x_wconf 90' lang='lat' dir='ltr'><strong>dum</strong></span> <span class='ocrx_word' id='word_1_237' title='bbox 1666 2281 1804 2324; x_wconf 91' lang='lat' dir='ltr'><strong>rurali</strong></span> <span class='ocrx_word' id='word_1_238' title='bbox 1843 2282 2040 2324; x_wconf 88' lang='lat' dir='ltr'><strong>rusticus</strong></span> 
     </span>
     <span class='ocr_line' id='line_1_36' title="bbox 357 2348 2040 2405; baseline 0.001 -17"><span class='ocrx_word' id='word_1_239' title='bbox 357 2352 599 2404; x_wconf 91' lang='lat' dir='ltr'><strong>aratorque</strong></span> <span class='ocrx_word' id='word_1_240' title='bbox 626 2353 877 2404; x_wconf 87' lang='lat' dir='ltr'><strong>peronatus</strong></span> <span class='ocrx_word' id='word_1_241' title='bbox 904 2348 1072 2390; x_wconf 87' lang='lat' dir='ltr'><strong>rustice</strong></span> <span class='ocrx_word' id='word_1_242' title='bbox 1097 2353 1342 2405; x_wconf 87' lang='lat' dir='ltr'><strong>vagaretur</strong></span> <span class='ocrx_word' id='word_1_243' title='bbox 1367 2349 1416 2390; x_wconf 91' lang='lat' dir='ltr'><strong>in</strong></span> <span class='ocrx_word' id='word_1_244' title='bbox 1442 2363 1566 2405; x_wconf 89' lang='lat' dir='ltr'><strong>agro,</strong></span> <span class='ocrx_word' id='word_1_245' title='bbox 1592 2349 1840 2405; x_wconf 90' lang='lat' dir='ltr'><strong>Maiugene</strong></span> <span class='ocrx_word' id='word_1_246' title='bbox 1865 2349 2040 2390; x_wconf 89' lang='lat' dir='ltr'><strong>veniret</strong></span> 
     </span>
     <span class='ocr_line' id='line_1_37' title="bbox 356 2413 2041 2465; baseline 0.001 -10"><span class='ocrx_word' id='word_1_247' title='bbox 356 2413 523 2456; x_wconf 90' lang='lat' dir='ltr'><strong>obuius</strong></span> <span class='ocrx_word' id='word_1_248' title='bbox 543 2414 830 2456; x_wconf 88' lang='lat' dir='ltr'><strong>latrocinanti</strong></span> <span class='ocrx_word' id='word_1_249' title='bbox 849 2415 1025 2465; x_wconf 86' lang='lat' dir='ltr'><strong>diuino,</strong></span> <span class='ocrx_word' id='word_1_250' title='bbox 1044 2415 1161 2457; x_wconf 89' lang='lat' dir='ltr'><strong>dum</strong></span> <span class='ocrx_word' id='word_1_251' title='bbox 1179 2415 1254 2457; x_wconf 91' lang='lat' dir='ltr'><strong>fur</strong></span> <span class='ocrx_word' id='word_1_252' title='bbox 1271 2415 1587 2457; x_wconf 89' lang='lat' dir='ltr'><strong>fraudulenter</strong></span> <span class='ocrx_word' id='word_1_253' title='bbox 1605 2415 1794 2457; x_wconf 90' lang='lat' dir='ltr'><strong>abaccas</strong></span> <span class='ocrx_word' id='word_1_254' title='bbox 1813 2415 2041 2458; x_wconf 86' lang='lat' dir='ltr'><strong>furaretur</strong></span> 
     </span>
     <span class='ocr_line' id='line_1_38' title="bbox 355 2481 2040 2525; baseline 0.001 -2"><span class='ocrx_word' id='word_1_255' title='bbox 355 2481 500 2524; x_wconf 93' lang='lat' dir='ltr'><strong>boues</strong></span> <span class='ocrx_word' id='word_1_256' title='bbox 535 2487 643 2524; x_wconf 88' lang='lat' dir='ltr'><strong>tunc</strong></span> <span class='ocrx_word' id='word_1_257' title='bbox 677 2482 967 2525; x_wconf 90' lang='lat' dir='ltr'><strong>derisibiliter</strong></span> <span class='ocrx_word' id='word_1_258' title='bbox 1000 2482 1230 2525; x_wconf 90' lang='lat' dir='ltr'><strong>desidenti</strong></span> <span class='ocrx_word' id='word_1_259' title='bbox 1262 2484 1536 2525; x_wconf 91' lang='lat' dir='ltr'><strong>Herecintio.</strong></span> <span class='ocrx_word' id='word_1_260' title='bbox 1569 2483 1818 2525; x_wconf 89' lang='lat' dir='ltr'><strong>Manifesto</strong></span> <span class='ocrx_word' id='word_1_261' title='bbox 1852 2483 2040 2525; x_wconf 91' lang='lat' dir='ltr'><strong>tandem</strong></span> 
     </span>
    </p>
   </div>
   <div class='ocr_carea' id='block_1_8' title="bbox 426 2691 857 3136">
    <p class='ocr_par' dir='ltr' id='par_1_10' title="bbox 429 2691 589 2743">
     <span class='ocr_line' id='line_1_39' title="bbox 429 2691 589 2743; baseline 0 -12"><span class='ocrx_word' id='word_1_262' title='bbox 429 2691 440 2714; x_wconf 87' lang='lat'>¹</span> <span class='ocrx_word' id='word_1_263' title='bbox 458 2707 526 2743; x_wconf 86' lang='lat' dir='ltr'><strong>pro</strong></span> <span class='ocrx_word' id='word_1_264' title='bbox 540 2697 589 2731; x_wconf 86' lang='lat' dir='ltr'><strong>ed.</strong></span> 
     </span>
    </p>

    <p class='ocr_par' dir='ltr' id='par_1_11' title="bbox 428 2747 760 2801">
     <span class='ocr_line' id='line_1_40' title="bbox 428 2747 760 2801; baseline 0.003 -13"><span class='ocrx_word' id='word_1_265' title='bbox 428 2747 441 2770; x_wconf 89' lang='lat'>²</span> <span class='ocrx_word' id='word_1_266' title='bbox 457 2754 720 2801; x_wconf 85' lang='lat' dir='ltr'><strong>circumspecte</strong></span> <span class='ocrx_word' id='word_1_267' title='bbox 737 2755 760 2789; x_wconf 92' lang='lat' dir='ltr'>S</span> 
     </span>
    </p>

    <p class='ocr_par' dir='ltr' id='par_1_12' title="bbox 427 2803 857 2902">
     <span class='ocr_line' id='line_1_41' title="bbox 427 2803 857 2857; baseline 0 -12"><span class='ocrx_word' id='word_1_268' title='bbox 427 2803 442 2826; x_wconf 86' lang='lat'>³</span> <span class='ocrx_word' id='word_1_269' title='bbox 457 2810 818 2857; x_wconf 84' lang='lat' dir='ltr'><strong>contuberniumque</strong></span> <span class='ocrx_word' id='word_1_270' title='bbox 834 2812 857 2845; x_wconf 91' lang='lat' dir='ltr'><strong><em>S</em></strong></span> 
     </span>
     <span class='ocr_line' id='line_1_42' title="bbox 427 2860 697 2902; baseline 0.004 -1"><span class='ocrx_word' id='word_1_271' title='bbox 427 2860 441 2882; x_wconf 92' lang='lat'><strong>⁴</strong></span> <span class='ocrx_word' id='word_1_272' title='bbox 457 2867 657 2902; x_wconf 88' lang='lat' dir='ltr'><strong>subsolaris</strong></span> <span class='ocrx_word' id='word_1_273' title='bbox 674 2869 697 2902; x_wconf 90' lang='lat' dir='ltr'><strong><em>S</em></strong></span> 
     </span>
    </p>

    <p class='ocr_par' dir='ltr' id='par_1_13' title="bbox 427 2916 568 2956">
     <span class='ocr_line' id='line_1_43' title="bbox 427 2916 568 2956; baseline 0 0"><span class='ocrx_word' id='word_1_274' title='bbox 427 2916 442 2939; x_wconf 87' lang='lat'>⁵</span> <span class='ocrx_word' id='word_1_275' title='bbox 458 2922 529 2956; x_wconf 81' lang='lat' dir='ltr'><strong>tale</strong></span> <span class='ocrx_word' id='word_1_276' title='bbox 545 2923 568 2956; x_wconf 89' lang='lat' dir='ltr'><strong><em>S</em></strong></span> 
     </span>
    </p>

    <p class='ocr_par' dir='ltr' id='par_1_14' title="bbox 427 2972 809 3013">
     <span class='ocr_line' id='line_1_44' title="bbox 427 2972 809 3013; baseline 0.003 -1"><span class='ocrx_word' id='word_1_277' title='bbox 427 2972 441 2995; x_wconf 92' lang='lat'><strong><em>⁶</em></strong></span> <span class='ocrx_word' id='word_1_278' title='bbox 457 2978 769 3013; x_wconf 80' lang='lat' dir='ltr'><strong>matrimonialem</strong></span> <span class='ocrx_word' id='word_1_279' title='bbox 786 2980 809 3013; x_wconf 90' lang='lat' dir='ltr'><strong><em>S</em></strong></span> 
     </span>
    </p>

    <p class='ocr_par' dir='ltr' id='par_1_15' title="bbox 427 3026 638 3068">
     <span class='ocr_line' id='line_1_45' title="bbox 427 3026 638 3068; baseline 0.005 -1"><span class='ocrx_word' id='word_1_280' title='bbox 427 3026 442 3049; x_wconf 89' lang='lat'>⁷</span> <span class='ocrx_word' id='word_1_281' title='bbox 456 3034 598 3068; x_wconf 87' lang='lat' dir='ltr'><strong>viuenti</strong></span> <span class='ocrx_word' id='word_1_282' title='bbox 615 3035 638 3068; x_wconf 88' lang='lat' dir='ltr'><strong><em>S</em></strong></span> 
     </span>
    </p>

    <p class='ocr_par' dir='ltr' id='par_1_16' title="bbox 426 3083 700 3136">
     <span class='ocr_line' id='line_1_46' title="bbox 426 3083 700 3136; baseline 0 -12"><span class='ocrx_word' id='word_1_283' title='bbox 426 3083 441 3105; x_wconf 81' lang='lat'><strong>⁸</strong></span> <span class='ocrx_word' id='word_1_284' title='bbox 456 3089 661 3136; x_wconf 90' lang='lat' dir='ltr'><strong>aliquando</strong></span> <span class='ocrx_word' id='word_1_285' title='bbox 677 3091 700 3124; x_wconf 93' lang='lat' dir='ltr'><strong><em>S</em></strong></span> 
     </span>
    </p>
   </div>
  </div>
 </body>
</html>
