2132 3346
269 1039 303 1063 10

268 1441 302 1465 15

267 1776 301 1800 20

264 2448 299 2473 30

369 155 458 195 172
595 163 782 197 SERIUM
804 164 1109 198 SENECTUTIS

1016 284 1174 331 LIBER
1196 284 1408 332 NONUS

367 421 499 462 Uana
519 422 629 462 satis
649 420 750 471 fuit,
769 427 852 471 est,
871 427 916 464 et
935 423 1019 464 erit
1039 422 1260 464 diducere
1278 437 1454 465 vanum

427 486 619 530 ffamina
640 487 700 530 de
719 489 851 530 vanis
871 489 948 531 uel
966 490 1144 531 variare
1162 491 1300 539 vices;

366 555 495 596 Vana
514 555 707 611 quidem
726 556 910 612 sapiens
931 570 1083 598 arcere
1103 557 1265 613 procul
1283 557 1408 599 volet
1427 559 1592 607 omnis!

427 622 553 663 Dum
572 636 658 664 sua
678 628 863 664 sensato
882 624 1000 665 seria
1020 623 1118 665 sola
1138 623 1331 680 placent,-

366 689 492 730 Dum
511 689 683 731 stolido
703 689 811 731 libet
831 691 879 731 in
897 691 1029 732 vanis
1049 704 1321 733 consumere
1342 696 1525 748 tempus

427 756 580 797 Omne
599 770 753 805 suuml
773 757 957 813 sapiens
977 758 1048 798 vir
1068 758 1297 814 sapienter
1316 759 1420 814 agit.

365 823 450 864 Vix
470 822 655 864 validus
674 823 800 865 volet
819 824 868 865 in
885 824 1015 865 viciis
1035 825 1106 866 vir
1125 825 1283 866 viuere
1302 826 1447 874 vanis,

426 890 479 931 Et
498 889 656 932 valido
677 904 803 932 mors
823 895 892 932 est
911 892 1070 933 viuere
1090 905 1219 933 more
1239 891 1375 941 malo;

364 956 498 998 Solus
518 958 643 998 enim
662 958 844 999 virtutis
865 972 997 999 amor
1015 959 1184 1000 virtute
1203 958 1433 1000 valentem

425 1022 662 1065 Abstrahit
682 1038 708 1065 a
728 1025 872 1073 viciis,
891 1038 1107 1080 spernere
1126 1039 1246 1067 vana
1265 1025 1385 1075 facit;

364 1090 434 1131 Sic
453 1103 630 1132 vanum
649 1091 819 1132 virtute
837 1091 996 1132 valens
1017 1092 1088 1133 vir
1106 1092 1219 1133 vitat
1240 1097 1291 1134 ut
1310 1106 1448 1134 omne

425 1157 627 1213 Longius
648 1171 674 1199 a
693 1158 815 1199 curis
836 1163 986 1199 arceat
1006 1173 1154 1215 usque
1174 1160 1282 1200 suis.

428 1290 499 1344 [1.]
522 1292 591 1333 De
617 1297 769 1333 cetero
795 1293 1143 1348 propositorum
1170 1293 1388 1349 progredi
1414 1308 1661 1349 pergamus
1688 1294 1748 1336 ad
1775 1294 2046 1336 secundum:

363 1358 516 1399 Deum
533 1357 632 1399 fore
650 1358 734 1400 sed
753 1364 797 1400 et
814 1373 962 1400 vnum
980 1360 1198 1415 precipue
1217 1359 1370 1401 solum
1387 1366 1647 1402 constanter
1663 1361 1846 1402 cuilibet
1863 1366 2047 1403 sensato

363 1438 474 1466 sane
487 1425 673 1466 videtur
686 1425 896 1467 videriue
911 1425 1047 1467 debet
1063 1426 1273 1481 adprime
1288 1427 1471 1475 mirum,
1485 1428 1725 1482 presertim
1738 1441 1846 1469 cum
1860 1441 2047 1469 venera-

363 1490 464 1532 bilis
482 1492 743 1548 antiquitas,
758 1493 833 1533 cui
849 1506 1033 1534 summe
1049 1493 1247 1534 sanccita
1264 1493 1446 1549 pridem
1462 1493 1547 1535 fuit
1564 1499 1607 1535 et
1624 1494 1776 1536 adhuc
1793 1508 1894 1536 esse
1910 1494 2046 1536 debet

363 1559 624 1600 reuerencie
635 1560 932 1615 perpetuitas,
945 1559 1141 1601 deorum
1153 1560 1435 1616 pluralitates
1461 1562 1467 1616 Ι
1480 1560 1556 1602 45ν
1571 1562 1577 1616 Ι
1600 1560 1694 1602 fere
1705 1561 1791 1603 sibi
1801 1562 2046 1603 constitue-

363 1625 420 1667 rit
440 1625 757 1682 deuociusque
776 1625 967 1668 coluerit
988 1627 1266 1676 innumeras;
1286 1641 1446 1683 ymmo
1467 1627 1749 1684 phisicorum
1769 1628 2047 1684 sapientissi-

363 1706 549 1734 morum
569 1707 665 1734 non
683 1693 798 1734 nulli
818 1693 949 1735 licitis
971 1693 1218 1735 subsistere
1239 1694 1423 1736 licenter
1443 1695 1491 1736 in
1511 1694 1663 1736 dubiis
1684 1695 1768 1737 Dei
1789 1694 2046 1737 deorumne

362 1760 480 1801 circa
497 1759 795 1802 substancias.
814 1760 951 1802 Unde
968 1761 1160 1817 quidam
1178 1761 1381 1818 phisicus
1399 1762 1636 1811 Euandau,
1652 1763 1723 1804 vir
1739 1763 1855 1804 inter
1871 1763 2046 1819 primos

362 1826 546 1883 pridem
571 1828 692 1869 serio
718 1828 781 1869 sic
808 1829 870 1869 ait
896 1829 1157 1884 precipuus:
1184 1829 1229 1870 Si
1255 1829 1380 1870 Deus
1407 1835 1488 1878 estl
1513 1830 1571 1871 sit
1596 1835 1648 1871 ut
1673 1835 1754 1879 est;
1779 1830 1819 1871 si
1844 1843 1940 1872 non
1963 1835 2045 1879 est,

362 1894 501 1936 michi
516 1896 574 1936 sit
589 1901 640 1937 ut
654 1909 777 1937 nunc
793 1901 873 1937 est.
890 1895 1086 1952 Reliquit
1101 1897 1254 1953 itaque
1270 1897 1333 1938 sic
1349 1897 1722 1939 condicionaliter
1736 1911 1818 1954 per
1832 1898 2045 1939 enuncia-

363 1967 463 2004 tum
484 1976 534 2004 se
554 1955 754 2005 summe1
778 1963 838 2005 de
859 1963 1041 2005 deitatis
1062 1965 1305 2006 existencia
1327 1965 1480 2006 minus
1501 1964 1643 2006 fuisse
1662 1964 2046 2007 consciencialiter

362 2029 621 2072 indubium.

426 2095 497 2150 [2.]
519 2097 885 2153 Verumptamen
919 2103 1126 2139 vetustas
1163 2098 1308 2154 opido
1345 2112 1528 2154 semper
1563 2104 1632 2140 est
1668 2098 1935 2147 reuerenda,
1970 2099 2045 2140 cui

361 2164 623 2205 reuerencia
638 2164 698 2205 de
713 2165 811 2206 iure
826 2164 1009 2220 pridem
1023 2164 1109 2206 fuit
1123 2170 1168 2206 et
1182 2164 1334 2206 adhuc
1350 2170 1418 2206 est
1432 2165 1558 2206 velut
1572 2165 1754 2207 edictali
1769 2165 2045 2221 perpetuita-

361 2235 405 2272 te
419 2231 631 2280 sanccita;
645 2231 734 2273 diis
749 2232 845 2273 suis
860 2231 954 2273 fere
967 2231 1178 2273 funditus
1193 2232 1600 2274 innumerabilibus
1615 2246 1847 2274 summam
1861 2246 2044 2274 summe

361 2297 540 2339 studuit
565 2298 745 2340 exibere
769 2299 1095 2348 reuerenciam,
1119 2299 1202 2340 sed
1228 2300 1293 2341 eis
1319 2300 1536 2355 precipue
1560 2299 1728 2356 quibus
1753 2300 1820 2341 uti
1844 2313 1894 2341 se
1918 2299 2043 2341 lectis

361 2365 603 2421 specialem
615 2379 711 2407 non
722 2366 874 2407 minus
888 2380 1028 2422 quam
1041 2371 1259 2408 secretam
1270 2367 1577 2408 veneracionis
1589 2367 1932 2408 consancciuere
1945 2380 2044 2423 pre-

361 2433 633 2488 rogatiuaml
650 2432 959 2489 perfunctorie
977 2438 1098 2482 tuncl
1114 2438 1166 2475 ut
1183 2447 1397 2489 auguror,
1413 2439 1623 2475 curantes
1640 2433 2043 2476 considerantesue

360 2499 488 2556 quod
500 2499 752 2541 multitudo
763 2499 1180 2556 superhabundans
1192 2501 1420 2542 rarissime
1431 2506 1721 2542 mansuescat
1731 2500 2044 2542 adlaterareue

359 2572 630 2609 consuescat
651 2567 711 2609 ad
733 2567 938 2609 honesta.
960 2568 1118 2609 Minus
1140 2569 1285 2610 eciam
1306 2567 1423 2610 forte
1443 2582 1601 2610 secum
1623 2574 1729 2610 tunc
1751 2568 2042 2610 aduertentes

360 2634 486 2690 quod
501 2634 752 2676 multorum
766 2635 1004 2691 sepissime
1017 2635 1215 2691 parilitas
1228 2649 1651 2691 compossessorum
1665 2636 2042 2692 perniciosissima

360 2702 651 2743 consueuerit
671 2702 909 2743 excicatrix
931 2716 1031 2743 esse
1051 2703 1426 2744 corrixacionum.

433 3101 443 3122 ¹
462 3117 610 3141 summa
627 3108 650 3142 S
