2132 3346
262 1028 297 1053 10

263 1428 297 1452 15

264 1764 298 1789 20

264 2098 297 2124 25

358 142 447 184 150
584 149 772 184 SERIUM
794 149 1099 184 SENECTUTIS

920 269 1079 317 LIBER
1101 267 1324 317 SEXTUS¹
1359 274 1471 332 {38¹1

358 408 565 450 Fvndere
584 422 675 465 que
694 408 864 450 libeant
883 407 1015 449 liceat
1034 407 1115 449 tibi
1133 407 1306 449 famina
1325 399 1444 457 soli²;

418 476 525 517 Oris
545 475 604 516 ab
622 474 808 531 eloquio
827 475 886 516 sit
905 474 1044 516 michi
1063 473 1187 530 ligua
1205 488 1389 516 vacans:

357 542 494 584 Vocis
514 546 559 583 et
579 541 736 583 officio
755 555 859 583 mea
879 540 1003 597 ligua
1022 545 1154 583 vacet
1172 540 1377 590 viduata,

418 609 544 650 Dum
565 613 644 650 tua
663 607 792 665 quod
813 607 951 650 libeat
970 607 1172 664 proferat
1191 621 1330 649 omne
1349 607 1555 664 loquens.

358 675 437 718 Nil
455 689 543 732 ego
563 675 742 732 prolata
762 674 843 717 tibi
862 680 970 732 post
989 680 1068 717 tua
1087 674 1228 717 verba
1247 688 1484 731 reponam,

419 743 527 794 Quo
547 748 626 785 tua
646 743 704 785 sit
723 742 811 784 soli
830 742 970 784 libera
989 741 1114 799 ligua
1134 741 1228 792 tibi;

357 811 425 852 Tu
446 815 602 852 tamen
620 815 791 852 attente
809 823 976 851 caueas
997 809 1078 851 tibi
1097 823 1155 851 ne
1174 814 1254 851 tua
1273 814 1398 851 tutos

418 877 629 933 Turpiter
648 876 839 919 excedat
858 875 1031 919 lubrica
1051 875 1175 932 ligua
1194 875 1378 925 modos,

358 945 431 986 Ne
451 945 648 986 nimium
668 949 748 985 tua
767 944 807 985 si
826 943 950 985 laxes
970 942 1052 985 tibi
1071 942 1168 985 lora
1187 942 1422 999 loquendi,

419 1010 592 1052 Ledere
611 1009 863 1067 compellar
881 1009 1005 1052 lesus
1025 1015 1070 1051 et
1089 1010 1190 1066 ipse
1209 1009 1419 1051 modum.

357 1078 475 1134 Sepe
494 1077 686 1134 quidem
705 1077 831 1119 fatue
851 1076 953 1118 fans
973 1076 1101 1133 quod
1123 1076 1209 1118 sibi
1228 1076 1398 1118 sederit
1417 1090 1556 1117 omne

419 1143 567 1186 Audit
586 1143 645 1185 ab
664 1144 811 1185 inuito
829 1143 971 1185 verba
991 1142 1185 1184 molesta
1204 1142 1302 1184 sibi.

422 1276 494 1331 [1.]
517 1268 655 1333 Erg0³
675 1276 814 1318 michi
832 1290 936 1318 care
956 1277 1021 1317 mi
1040 1290 1244 1325 consors,
1263 1276 1433 1317 canicie
1453 1276 1545 1317 iam
1565 1276 1840 1331 tempestiua
1859 1274 2042 1331 segnifi-

358 1349 460 1385 cato
488 1344 710 1399 senioque
738 1344 831 1385 iam
858 1342 1115 1384 silicerniali
1142 1342 1364 1391 confecto,
1392 1343 1562 1383 sensati
1588 1342 1716 1398 quod
1745 1343 1830 1383 iter
1855 1346 2042 1397 agentes

358 1410 507 1452 facere
535 1415 879 1459 mansuescunt,
906 1410 1122 1466 vegecius
1151 1414 1219 1451 est
1248 1408 1483 1466 agendum
1511 1409 1603 1465 qui,
1631 1422 1726 1465 quo
1754 1407 1930 1450 tardius
1959 1408 2043 1450 iter

359 1478 584 1535 arrepturi
621 1477 911 1526 surrexerint,
949 1468 1203 1519 morosam4
1240 1475 1480 1518 velocitate
1516 1476 1759 1533 vegetique
1795 1475 2043 1532 segniciem

359 1545 786 1603 promptificacione
807 1558 1002 1602 pensare
1024 1549 1234 1601 pergunt.
1257 1543 1594 1601 Epithalamicis
1617 1544 1754 1600 igitur
1775 1543 1882 1600 quia
1904 1542 2043 1585 michi

359 1614 452 1655 iam
471 1627 593 1655 nunc
613 1614 677 1654 sic
697 1612 829 1654 sedet
847 1611 1140 1661 carminibus,
1159 1611 1530 1668 hymeneicisque
1549 1610 1798 1659 cantilenis,
1815 1610 2043 1652 concenti-

358 1680 507 1722 busue
550 1679 787 1721 corealiter
830 1670 1187 1736 tripudialibus,⁵
1230 1677 1746 1735 paranimphalibusque
1788 1676 2043 1719 conclama-

358 1746 567 1788 cionibus
589 1747 818 1788 remocius
841 1745 1115 1795 amandatis,
1136 1759 1496 1802 sermonumque
1518 1745 1674 1801 sepius
1696 1742 2042 1786 subsannabiles

358 1815 469 1855 citra
483 1813 927 1870 sesquipedalitates,
940 1813 1168 1854 succincte
1181 1813 1299 1854 nitar
1313 1811 1669 1869 simpliciterque
1682 1811 1900 1868 prosequi
1913 1809 2041 1867 quod

359 1880 621 1923 admodum
639 1881 732 1922 iam
751 1880 933 1922 diucius
951 1881 1016 1922 ire
1035 1885 1333 1936 prosecutum
1352 1893 1454 1921 mee
1471 1878 1783 1935 possibilitatis
1802 1891 1888 1934 pro
1905 1877 2043 1934 parti-

358 1947 594 1990 cularitate
616 1947 892 1990 desideraui.
914 1946 1219 2003 Nupcialibus
1241 1947 1379 2002 igitur
1400 1945 1564 1988 relictis
1586 1946 1776 1987 omnino
1798 1958 1916 2001 pene
1937 1949 2044 2001 post

359 2020 541 2071 tergum
566 2013 997 2071 sollempnitatibus,
1020 2013 1125 2055 stilo
1150 2013 1256 2055 rudi
1280 2012 1567 2069 simplicique
1591 2025 1743 2069 penna
1765 2011 1842 2053 uel
1864 2010 2042 2053 calamo

359 2082 468 2123 satis
484 2087 529 2123 et
544 2082 712 2138 agresti
726 2095 817 2137 que
832 2086 986 2122 mente
1001 2081 1191 2137 concepi
1206 2079 1311 2122 stilo
1326 2080 1435 2121 satis
1452 2080 1500 2121 in
1513 2078 1815 2135 ydemptitate
1830 2077 2042 2120 ruditatis

359 2148 617 2206 producere
636 2149 755 2191 nitar
774 2149 823 2190 in
841 2147 992 2190 lucem
1011 2146 1374 2190 conrudescenti.

423 2215 494 2270 [2.]
518 2217 693 2258 Reuera
720 2215 960 2257 modicum
987 2214 1063 2257 uel
1091 2214 1160 2271 (ut
1186 2215 1244 2256 sit
1271 2213 1331 2256 ad
1358 2227 1505 2255 vnum
1532 2212 1700 2269 dicere)
1728 2212 1872 2255 ferme
1912 2210 2031 2269 138Ἴ

359 2283 580 2326 nichilum
595 2283 814 2340 largitatis
829 2282 1103 2340 sponsalicie
1116 2286 1375 2324 contractus
1391 2281 1451 2323 de
1464 2280 1742 2337 specialitate
1757 2279 1954 2328 dotisue,
1967 2278 2043 2321 uel

359 2356 549 2408 propter
566 2351 759 2407 nupcias
779 2349 839 2392 de
859 2349 1128 2392 donacionis
1147 2349 1461 2391 insinuacione
1479 2347 1676 2405 paucula
1694 2352 1950 2396 curaturus,
1967 2345 2044 2388 uel

359 2432 412 2460 ea
441 2432 560 2475 pene
588 2431 779 2475 prorsus
808 2431 891 2475 per
919 2417 1075 2459 omnia
1104 2415 1412 2474 perfunctorie
1440 2415 1752 2473 preteriturus,
1780 2413 1863 2456 sed
1892 2419 1937 2455 et
1965 2413 2041 2455 vix

359 2485 533 2542 aliquid
554 2486 602 2528 in
620 2490 773 2527 mente
793 2499 978 2527 mecum
997 2484 1266 2526 meditatiue
1285 2483 1373 2525 sub
1391 2482 1591 2532 silencio,
1610 2482 1792 2539 liguave
1810 2479 2043 2538 loquelali-

360 2559 427 2595 ter
456 2554 505 2595 in
533 2558 694 2609 aperto
724 2551 960 2609 superflue
989 2557 1333 2608 prosecuturus,
1363 2551 1552 2592 omnino
1582 2540 1738 2591 nichil⁶
1767 2548 1827 2591 ad
1858 2548 1906 2590 id
1937 2547 2042 2590 dico

359 2620 487 2677 quod
516 2634 571 2662 ex
600 2620 842 2676 proposito
870 2620 963 2661 iam
990 2632 1113 2660 nunc
1141 2619 1304 2675 exequi
1331 2631 1529 2674 procuro
1557 2630 1736 2666 curans,
1763 2615 1890 2673 quod
1918 2628 2042 2657 noua

433 2806 444 2828 ¹
463 2812 615 2859 Explicit
631 2812 723 2847 liber
737 2818 890 2859 quartus
907 2811 1035 2858 Incipit
1051 2811 1213 2853 Quintus
1230 2812 1269 2851 R,
1285 2811 1308 2845 S
1325 2820 1406 2844 corr.
1426 2814 1458 2844 to
1473 2809 1634 2852 Quintus
1652 2836 1658 2843 .
1674 2836 1681 2843 .
1696 2836 1703 2843 .
1719 2810 1848 2843 Sextus

432 2862 446 2885 ²
462 2870 490 2904 R
506 2870 557 2903 ad.
576 2870 738 2903 Metrum
756 2869 789 2903 in
808 2879 911 2915 marg.

432 2919 446 2941 ³
462 2925 490 2959 R
506 2924 557 2958 ad.
576 2934 684 2971 prosa
701 2924 769 2958 hec
785 2924 997 2970 Responsus
1014 2923 1047 2957 in
1066 2933 1168 2968 marg.

432 2975 446 2998 ⁴
462 2991 606 3015 moram
623 2981 646 3015 S

432 3030 446 3052 ⁵
462 3036 708 3083 tripudialiter
723 3037 746 3070 S

432 3086 446 3108 ⁶
463 3094 485 3127 S
501 3092 553 3127 ad.
571 3092 673 3139 quod
692 3091 796 3138 before
811 3091 859 3126 ad
