2132 3346
239 479 290 505 275

239 1484 290 1509 290

239 1820 290 1845 295

353 131 443 172 134
579 139 767 172 SERIUM
788 138 1094 172 SENECTUTIS

352 263 664 320 nascendique
675 264 810 320 vigor
820 263 1104 305 obtunditur.
1117 263 1445 320 Mundumque
1457 265 1652 313 maritat,
1663 264 1711 305 id
1723 269 1792 305 est
1803 263 2034 314 fecundat,

351 329 527 371 vernali
541 329 756 371 videlicet
771 331 820 372 in
834 335 1044 386 tempore
1058 343 1167 371 cum
1182 334 1299 372 terre
1315 331 1520 386 germina
1535 330 1868 387 producuntur:
1885 331 2036 372 mariti

353 397 650 453 germinantis
670 395 731 438 ad
751 397 893 438 instar
912 397 1166 452 inpregnat.
1185 396 1275 438 Sed
1295 401 1340 438 et
1358 396 1583 438 elementa
1602 411 1684 453 per
1701 397 1825 439 vices
1844 396 2035 439 alternat

353 463 470 505 dum
491 455 682 505 chani1
707 462 796 505 sub
816 463 987 505 vertice
1009 463 1248 519 progenita
1271 463 1487 520 decoquit
1508 468 1553 505 et
1575 468 1787 513 maturat,
1810 463 1926 505 dum
1948 463 2036 505 sub

352 530 539 571 Iunonis
559 529 777 571 vberibus
797 534 978 571 matura
999 528 1211 579 desiccat,
1232 529 1348 571 dum
1368 529 1586 585 grauibus
1605 530 1854 571 Saturnum
1871 529 2035 572 brume

352 596 441 638 sub
480 595 776 638 turbulenciis
816 587 994 638 exicat.²
1032 596 1151 638 Sana
1191 596 1255 638 sic
1295 595 1684 652 subintelligencia
1724 595 2034 653 superficiales

352 677 622 705 sermonum
653 677 765 719 sepe
795 662 1132 704 salebrositates
1164 663 1458 704 consonantis
1490 663 1724 704 amenitati
1754 663 2036 705 consciencie

351 729 598 772 consciliat.

416 796 516 851 [18]
537 796 628 839 Sed
646 802 692 838 et
709 796 811 846 hoc,
828 802 880 838 ut
897 810 1114 853 auguror,
1130 796 1258 853 quod
1277 796 1507 853 eleganter
1523 797 1683 838 asserit
1700 796 1827 838 idem
1842 796 2036 853 cachyn-

351 869 485 906 nator
510 869 563 906 ut
589 863 864 906 indiscretus
893 863 953 906 de
979 863 1100 906 facili
1126 863 1248 906 fores
1275 863 1424 906 ridere
1451 863 1832 920 promptificatus.
1859 864 2036 906 Asserit

351 932 476 974 enim
498 931 627 988 quod
650 930 965 981 seminudum,
986 930 1276 988 clamideque
1297 930 1491 987 paruula
1513 930 1783 987 penulaliter
1804 930 2036 981 indutum,

352 998 436 1040 sed
456 1004 501 1040 et
520 989 793 1040 invelatum³
811 1003 961 1040 cetera
979 1012 1202 1040 cacumen
1219 997 1521 1040 humerorum
1540 998 1780 1040 dumtaxat
1798 997 2036 1039 obnubila-

352 1071 467 1115 tum,
494 1079 609 1122 gene
635 1066 729 1107 iam
755 1065 1058 1122 pubescentes
1086 1079 1256 1122 magno
1282 1065 1484 1122 Cipridis
1511 1057 1648 1107 risus⁴
1675 1066 1773 1107 sine
1798 1065 2035 1121 cachynno

352 1146 448 1174 non
458 1132 756 1189 paciebantur
768 1131 980 1174 incedere
992 1131 1251 1174 Cillenium.
1263 1132 1447 1188 Nempe
1459 1132 1740 1188 prompcius,
1753 1137 1804 1173 ut
1815 1132 2035 1180 coniecto,

352 1200 604 1256 procaciter
620 1200 800 1241 causari
817 1213 913 1241 non
929 1198 1256 1255 supersederes
1274 1199 1477 1240 humeris
1495 1199 1606 1240 haut
1623 1198 1739 1240 bene
1756 1199 1905 1255 prima
1921 1198 2036 1240 facie

351 1267 677 1308 conveniencia
704 1265 833 1322 quod
862 1265 1029 1307 dicitur
1055 1265 1356 1307 humerorum
1383 1266 1635 1314 cacumina,
1661 1266 1902 1321 presertim
1927 1265 2035 1321 quia

352 1334 604 1382 moncium,
625 1332 926 1389 locorumque
947 1346 1030 1374 nec
1052 1346 1148 1374 non
1169 1332 1437 1381 arduorum,
1458 1346 1671 1374 rerumve
1693 1331 2035 1374 summitatibus

352 1399 462 1441 solis
483 1399 703 1441 videntur
724 1413 826 1441 esse
848 1399 1114 1441 accomoda.
1137 1398 1226 1440 Sed
1249 1413 1332 1440 nec
1355 1400 1516 1448 sinere,
1538 1399 1693 1455 pative
1714 1398 1790 1440 uel
1811 1399 2036 1440 sustinere

353 1468 481 1523 genis
499 1481 600 1508 esse
619 1466 695 1508 uel
713 1466 947 1508 obnubere
965 1466 1153 1508 clamidi
1170 1466 1397 1508 iudicares
1415 1465 1716 1507 attribuenda.
1735 1466 1911 1507 Uerum
1929 1464 2036 1507 rudi

352 1533 643 1590 frequencius
669 1538 714 1575 et
740 1533 914 1575 absona
940 1547 1210 1575 sermonum
1235 1532 1323 1574 sub
1348 1532 1604 1589 superficie,
1629 1533 1867 1574 corticisve
1891 1531 2036 1574 cruda

351 1600 548 1642 verbalis
566 1600 654 1642 sub
671 1600 884 1649 ruditate,
902 1599 1103 1642 dulcedo
1121 1599 1229 1641 latet
1246 1600 1434 1641 interius
1452 1590 1625 1641 rustici5
1643 1598 1759 1641 dure
1777 1598 2035 1655 detegenda

351 1668 531 1709 corticis
554 1668 775 1709 erasione.
799 1666 1007 1709 Profecto
1030 1681 1113 1724 per
1135 1666 1436 1709 humerorum
1458 1667 1696 1708 cacumina
1719 1665 1782 1708 nil
1805 1665 1931 1708 aliud
1955 1664 2035 1707 dat

352 1734 541 1792 intelligi
558 1749 701 1792 quam
717 1749 833 1792 quas
852 1735 900 1777 in
916 1734 1120 1777 humeris
1139 1733 1440 1777 humerorum
1457 1733 1526 1776 fas
1544 1739 1613 1776 est
1629 1738 1674 1776 et
1691 1732 1822 1776 facile
1838 1733 2036 1790 reperire

352 1803 654 1855 summitates.

416 1869 516 1924 [19.]
538 1871 682 1927 Atqui
702 1875 746 1912 te
766 1870 998 1912 dictorum
1018 1875 1113 1911 tam
1133 1883 1375 1926 procacem
1408 1869 1519 1925 133¹}
1551 1874 1737 1925 tamque
1756 1869 2035 1925 pertinacem

352 1951 714 1994 sermonumque
753 1936 1112 1994 reprobatorem,
1151 1935 1435 1978 Mercurialis
1475 1935 1616 1977 officii
1654 1935 1729 1977 uel
1768 1936 1816 1977 in
1853 1934 2035 1976 deitatis

353 2004 574 2060 dignitate
590 2005 830 2046 ministerii
846 2005 910 2045 sic
927 2005 1140 2060 ignarum
1156 2003 1254 2045 fore
1270 2017 1365 2045 non
1379 2003 1627 2051 crederem,
1643 2003 1756 2059 quin
1770 2002 2036 2058 eloquencie

352 2070 599 2112 Cillenium
612 2071 729 2112 scias
743 2084 844 2112 esse
858 2070 1101 2127 prelatum,
1115 2070 1426 2111 discussorem
1440 2069 1636 2111 deorum
1649 2067 2030 2110 consuetudinali-

352 2143 420 2179 ter
450 2138 700 2179 exercitum
731 2137 1084 2179 ministerialiter
1114 2142 1159 2179 et
1189 2136 1472 2193 expeditum,
1503 2137 1566 2178 sic
1597 2150 1706 2178 eum
1736 2135 2036 2177 seminudum

352 2219 590 2261 paruaque
599 2204 798 2246 clamide
808 2204 1068 2253 militaliter,
1079 2203 1450 2260 palestraliterve,
1461 2203 1536 2244 uel
1547 2203 1792 2244 scurriliter
1802 2203 2035 2250 amictum,

351 2285 446 2328 quo
465 2271 631 2313 talibus
649 2271 876 2313 sermonis
895 2270 1060 2313 allusio
1077 2262 1313 2312 celeritati⁶
1330 2269 1676 2327 superficialiter
1694 2269 1813 2311 adeo
1831 2267 2034 2311 ridiculis

351 2338 433 2380 fiat
449 2338 841 2380 attribucionibus.
858 2338 992 2380 Vnde
1010 2343 1105 2379 tam
1122 2338 1341 2394 pruinose
1359 2342 1544 2393 tamque
1560 2337 1786 2378 succincte
1801 2335 2035 2377 clamidati

352 2419 589 2463 genarum,
619 2419 793 2463 perque
822 2406 1206 2462 consequenciam
1236 2405 1420 2446 nacium
1449 2404 1717 2461 pilescencie
1747 2404 1839 2445 iam
1869 2402 2035 2460 pubes-

351 2474 494 2515 centis
529 2473 748 2515 Mercurii
784 2472 1069 2515 detectarum
1105 2473 1168 2515 sic
1205 2471 1471 2521 incedentis,
1507 2471 1611 2513 talia
1646 2469 2035 2527 contemplantem

351 2541 540 2583 Veneris
565 2541 820 2583 excitauere
844 2541 1004 2589 risum,
1027 2554 1122 2597 quo
1146 2544 1326 2582 sensate
1350 2538 1787 2595 subintelligendum
1811 2537 2035 2594 relinquat

352 2608 480 2665 quod
500 2608 658 2650 nudus
680 2608 927 2665 (sapiencie
945 2607 1159 2650 videlicet
1177 2621 1340 2664 expers
1359 2612 1403 2649 et
1422 2606 1675 2662 viduatus),
1694 2605 1796 2648 licet
1814 2604 2034 2662 eloquens

425 2796 436 2818 ¹
454 2803 650 2837 chanum
667 2804 690 2837 S

425 2852 438 2875 ²
454 2859 583 2894 exiciat
600 2861 622 2894 S

424 2910 439 2931 ³
455 2915 493 2949 in
509 2915 674 2949 velatum
691 2916 714 2949 S

424 2966 438 2988 ⁴
454 2971 561 3015 risus]
580 2981 669 3005 vsus
686 2972 721 3011 S,
737 2971 812 3005 risu
827 2970 1024 3005 Martianus

424 3020 439 3043 ⁵
455 3027 607 3061 interius
623 3026 760 3070 rustici]
778 3026 967 3061 interrusci
986 3027 1008 3060 S

424 3076 439 3099 ⁶
453 3083 652 3118 celebritati
670 3084 693 3118 S
