2132 3346
287 557 321 583 75

287 1896 321 1921 95

270 2231 321 2256 100

270 2568 321 2593 105

383 143 473 184 184
609 151 797 185 SERIUM
818 152 1123 185 SENECTUTIS

383 275 570 317 mentali
604 275 852 317 bellissime
886 275 1095 317 solidatis
1130 277 1179 317 in
1211 275 1421 317 medium
1456 290 1715 332 proponere
1749 290 2065 332 procuremus,

383 341 590 397 patribus
606 341 821 383 videlicet
838 341 1103 383 Israeliticis.
1121 342 1278 397 Atqui,
1295 355 1371 383 me
1387 342 1511 397 quali
1527 342 1693 391 iudice,
1709 342 1986 398 quibuslibet
2002 343 2063 385 ad

383 399 737 449 inmortalitatis¹
759 408 912 449 anime
931 407 1289 483 probamentum
1309 407 1445 449 debet
1465 421 1565 449 esse
1585 409 1694 450 satis
1714 408 1916 450 humane
1935 408 2064 465 quod

382 478 489 530 post
506 473 707 515 hominis
725 474 960 516 interitum
977 474 1178 516 uiuentis
1196 474 1341 516 eciam
1359 488 1442 530 per
1458 473 1708 523 hominem,
1724 488 1894 531 corpus
1911 475 2065 517 anima

382 539 502 583 redit
521 539 581 583 ad
602 541 991 597 preinanimatum
1010 540 1326 597 violenciaque
1345 532 1597 597 reuegetat²
1615 540 1845 584 fatalitatis
1865 542 2064 584 exinani-

383 613 496 650 tum.

447 674 518 729 [5.]
540 675 649 726 Quo
664 674 857 732 quidem
872 680 982 717 nota
997 674 1160 732 loquar
1175 674 1549 732 populariterque
1564 675 1807 732 publicata!
1821 676 1893 718 vir
1906 675 2064 718 Helias

381 743 520 784 viuus
542 741 972 798 compassibilisque
992 741 1271 791 viuentibus,
1292 741 1462 798 hospes
1485 742 1543 784 ab
1564 742 1745 798 hospite
1767 743 1893 785 tenui
1914 743 2063 785 tenuis

382 814 427 851 et
443 808 589 851 vidua
606 808 797 851 tandem
814 809 924 851 satis
942 808 1204 851 humaniter
1219 814 1288 851 est
1305 814 1523 865 exceptus
1540 809 1589 851 in
1603 809 1791 866 Sarepta
1809 808 1926 851 dum
1942 808 2065 852 fame

382 875 599 933 fatigatus
615 881 661 918 et
676 877 764 926 siti,
781 876 991 933 dumque
1007 875 1251 933 paululum
1266 875 1352 918 sibi
1369 876 1646 933 supplicaret
1662 890 1780 933 aque
1796 876 1897 919 dari
1913 877 2066 933 panis-

382 958 473 1000 que
487 943 563 986 uel
578 943 777 1000 paucula
791 943 1032 986 refocillari
1046 943 1263 993 buccellal
1277 957 1361 986 sua
1375 957 1458 986 nec
1473 943 1767 986 exaudiretur
1780 944 1829 986 in
1842 944 2003 1001 primis
2018 944 2066 986 in

383 1011 609 1067 peticione
632 1015 728 1052 tam
751 1010 959 1067 paruula.
982 1011 1347 1066 Verumptamen
1368 1024 1476 1052 cum
1499 1010 1671 1066 lignula
1693 1010 1883 1066 legentis
1906 1011 1955 1052 in
1976 1010 2065 1052 olei

383 1077 575 1118 lechitus
590 1076 824 1118 indefectu
840 1091 974 1133 spem
990 1077 1208 1118 solidauit
1223 1081 1268 1118 et
1282 1077 1413 1132 ydrie
1427 1090 1536 1118 cum
1550 1077 1759 1126 farinulal
1774 1077 1918 1118 libens
1934 1082 2003 1118 est
2018 1077 2067 1118 in

382 1148 580 1199 utroque
596 1143 786 1185 tandem
802 1148 898 1185 tam
913 1143 1056 1185 nobili
1071 1142 1282 1185 famelico
1298 1144 1564 1199 sicientique
1581 1148 1675 1185 tam
1690 1143 1906 1185 beniuolo
1921 1143 2065 1185 vidua

382 1209 534 1252 fidens
550 1215 595 1252 et
612 1209 672 1251 ad
689 1209 1036 1252 exaudiendum
1052 1209 1196 1251 facilis
1213 1209 1476 1266 gratificata,
1492 1223 1574 1251 nec
1591 1223 1641 1251 se
1657 1210 1880 1266 suspicari
1894 1208 2064 1251 femina

382 1276 477 1318 falli
492 1277 671 1318 curauit
687 1276 807 1318 adeo
823 1276 1046 1326 famelica,
1076 1276 1167 1332 {49r
1181 1277 1188 1332 Ι
1216 1276 1318 1318 licet
1334 1277 1382 1318 in
1396 1290 1452 1318 eo
1468 1276 1596 1333 quod
1613 1276 1700 1318 sibi
1715 1277 1843 1333 prius
1859 1275 2066 1318 subcine-

382 1345 546 1386 ricium
562 1343 663 1386 fieri
680 1343 1010 1400 supplicauerit
1028 1343 1087 1385 de
1106 1349 1201 1385 tam
1219 1343 1416 1400 paucula
1433 1357 1602 1400 panem
1619 1343 1778 1393 farina,
1794 1342 2065 1385 verisimilli-

383 1425 458 1453 me
486 1412 693 1468 presumi
720 1415 878 1467 posset
905 1410 1034 1467 quod
1062 1411 1400 1452 circumuencio
1428 1410 1636 1452 subesset
1663 1410 1739 1452 uel
1764 1409 1955 1459 fallacia,
1980 1409 2065 1452 sed

382 1477 764 1520 commendabilis
788 1482 834 1519 et
857 1477 1051 1519 honesta
1075 1477 1188 1519 fidei
1212 1482 1335 1519 tante
1358 1476 1561 1519 facilitati
1584 1476 1759 1519 subfuit
1781 1491 1934 1526 causa,
1957 1477 2065 1533 quia

382 1544 508 1587 fidus
538 1550 583 1586 et
611 1546 830 1586 innocens
860 1545 988 1586 omni
1015 1544 1159 1586 verbo
1188 1544 1248 1586 de
1277 1543 1397 1586 facili
1424 1543 1569 1586 fidem
1597 1543 1704 1586 facit
1731 1549 1776 1585 et
1803 1543 1953 1593 habet,
1981 1557 2066 1585 sua

382 1611 596 1654 facillime
631 1611 945 1654 securificatus
981 1612 1030 1653 in
1063 1612 1334 1653 innocentia.
1370 1611 1467 1653 Nec
1503 1625 1587 1653 sua
1622 1610 1708 1653 fuit
1743 1612 1791 1653 in
1824 1611 2065 1653 securitate

382 1679 710 1728 circumuenta,
738 1679 846 1735 quia
875 1693 958 1720 nec
988 1678 1078 1719 olei
1107 1678 1298 1719 lechitus
1328 1692 1411 1719 nec
1440 1677 1634 1719 farinula
1664 1677 1830 1719 defecit
1857 1678 1906 1719 in
1933 1677 2066 1733 ydria

384 1745 531 1787 donec
550 1745 745 1787 salubris
762 1750 807 1787 et
824 1745 1145 1786 habundancie
1162 1745 1412 1801 prenuncia
1430 1744 1588 1801 pluuie
1604 1745 1779 1786 veniret
1795 1743 2066 1786 habundan-

382 1826 464 1861 cia.

447 1878 518 1933 [6.]
541 1880 652 1921 Non
674 1884 831 1921 autem
854 1879 964 1921 solis
988 1879 1145 1921 Helias
1169 1878 1255 1921 hiis
1279 1878 1607 1921 beneficiorum
1630 1878 1773 1920 vidue
1795 1877 1996 1920 substitit
2018 1878 2067 1920 in

382 1946 723 1996 collacionibusl
745 1960 907 2003 ymmo
931 1946 1067 2002 longe
1090 1946 1366 1988 laudabilius
1390 1951 1458 1988 est
1481 1947 1523 1987 ei
1546 1946 1642 1987 suis
1666 1945 1996 2001 subsequenter
2018 1945 2067 1986 in

382 2013 615 2055 beneficiis
643 2013 936 2070 gratificatus
964 2014 1148 2069 Nempe
1174 2012 1290 2054 dum
1317 2013 1380 2054 sic
1408 2018 1560 2054 tantus
1587 2013 1635 2053 in
1660 2011 1932 2068 inquilinatu
1957 2025 2065 2053 cum

382 2080 527 2122 vidua
549 2081 799 2122 nausitaret
822 2080 1087 2136 inquilinusl
1108 2079 1326 2121 fatalitate
1349 2079 1534 2121 functus
1557 2084 1625 2120 est
1647 2078 1790 2120 vidue
1811 2078 1949 2127 filiusl
1971 2091 2065 2134 quo

383 2146 602 2204 progredi
630 2161 848 2204 paremus
877 2146 938 2189 ad
967 2146 1095 2203 quod
1124 2147 1431 2188 intencionem
1459 2146 1951 2202 premencionauimus.
1979 2145 2066 2187 Ast

383 2219 542 2264 materl
572 2219 625 2256 ut
656 2215 798 2256 moris
830 2219 899 2256 est
931 2214 1242 2262 incontinenti,
1273 2213 1400 2255 velut
1430 2213 1560 2255 furiis
1591 2227 1646 2254 ex
1678 2213 1916 2269 inprouiso
1947 2211 2064 2254 foret

383 2283 622 2339 exagitata,
638 2281 901 2339 limphatice
919 2280 1222 2323 discurrendo
1238 2280 1487 2323 clamorem
1503 2279 1630 2337 quod
1648 2285 1800 2337 potest
1815 2278 1988 2321 extollit
2003 2278 2064 2321 ad

383 2350 636 2406 superiora!
655 2349 937 2406 tandemque
956 2363 1096 2390 suum
1115 2349 1224 2390 satis
1244 2349 1508 2390 inmeritum
1527 2347 1700 2389 doloris
1719 2361 1823 2389 eam
1841 2351 2000 2389 mouet
2018 2347 2066 2388 in

383 2416 759 2459 contubernalem
793 2416 1103 2458 vehemencia.
1141 2415 1267 2467 Quid
1305 2415 1386 2457 tibi
1421 2415 1650 2472 michique
1685 2415 1756 2456 vir
1790 2414 1888 2463 Dei,
1922 2413 2064 2455 velud

383 2485 614 2526 insaniens
635 2483 859 2526 exclamat
878 2489 923 2525 et
944 2489 996 2525 ut
1015 2482 1216 2525 efferata.
1237 2482 1481 2539 Numquid
1502 2488 1553 2524 ut
1574 2482 1634 2524 ad
1655 2481 1894 2538 indignam
1913 2481 1984 2523 vir
2003 2479 2064 2522 ad

383 2565 459 2593 me
478 2556 664 2593 sanctus
685 2551 749 2593 sic
769 2565 818 2593 es
839 2551 1073 2607 ingressus
1093 2555 1145 2592 ut
1165 2555 1317 2592 tecum
1337 2549 1644 2592 cohabitando
1664 2549 1888 2605 peccatrix
1908 2561 2066 2604 pecca-

383 2632 482 2660 rem
501 2619 565 2660 sic
585 2623 637 2660 ut
657 2632 790 2660 meus
810 2618 1118 2674 extigueretur
1138 2617 1285 2659 filius?

448 2685 518 2740 [7.]
541 2686 714 2727 Verum
747 2686 819 2727 vir
852 2685 938 2726 Dei
971 2676 1134 2726 vidue³
1168 2684 1371 2726 mulieris
1406 2683 1616 2725 subtilius
1651 2683 1801 2732 nimis,
1834 2687 1885 2724 ut
1918 2681 1984 2731 fit,
2018 2682 2066 2723 in

384 2752 733 2810 perturbacione
761 2752 1046 2802 molestatus]
1073 2752 1224 2794 Tuum
1252 2751 1313 2794 da
1341 2751 1479 2794 michi
1506 2750 1669 2800 filium,
1696 2749 1962 2807 suppliciter
1989 2749 2062 2791 ait.

457 2975 468 2998 ¹
486 2980 766 3015 inmortalitates
783 2981 806 3014 S

456 3029 470 3052 ²
486 3036 685 3082 reuegetati
703 3037 725 3070 S

456 3086 471 3108 ³
486 3093 620 3126 videns
637 3093 660 3126 S
