2132 3346
262 377 298 402 45

267 2049 301 2073 70

267 2386 302 2411 75

359 159 447 201 158
584 166 773 200 SERIUM
794 166 1099 200 SENECTurls

372 292 490 350 14οἼ
534 306 622 335 suo
655 293 765 334 satis
798 292 1046 334 enormiter
1079 290 1438 347 dampnificatus
1471 304 1557 347 pro
1589 290 1846 339 mendacio,
1878 289 1962 332 sed
1995 295 2041 332 et

358 351 623 402 enormiter¹
640 359 787 401 eciam
803 358 1004 415 denique
1021 357 1257 414 duplicato
1273 357 1464 400 delusus
1481 358 1529 399 in
1544 357 1736 413 premio,
1752 356 1868 399 dum
1883 357 2042 413 nequi-

359 431 440 476 ret,
461 426 616 468 eidem
637 424 836 482 prodere
857 425 1006 482 pergit
1026 424 1231 466 eundem
1250 423 1400 466 viliter
1420 414 1662 472 involute,²
1682 422 1927 466 manifesto
1946 437 2043 466 non

359 492 632 535 erubescens
664 493 714 534 in
743 491 1018 548 falsiloquio,
1050 490 1134 533 sed
1165 490 1215 532 id
1247 489 1366 532 adeo
1398 489 1540 532 delire
1570 504 1666 532 non
1695 490 1787 546 egit
1817 488 2042 532 mendose

359 559 564 616 liguosus
579 558 772 600 ruricola
787 558 1114 615 perniciterque
1129 558 1465 599 circumuentus
1481 556 1732 613 penalitatis
1748 555 2041 598 abhominan-

360 625 420 668 de
435 626 533 668 sine
548 625 859 667 subsecutiu0.
874 624 1134 666 Mercurius
1149 624 1273 666 enim
1289 623 1400 679 (quo
1414 622 1484 665 fas
1500 623 1548 665 in
1560 623 1636 665 via
1650 622 1802 664 verbis
1817 622 2042 664 autentice

360 692 497 735 detur
527 691 826 748 antiquitatis)
859 692 908 733 in
938 690 1213 733 menciendo
1245 695 1340 732 tam
1371 689 1513 732 delire
1544 703 1786 746 procacem
1817 693 2042 746 perpetuo

360 759 668 802 silenciarium
694 757 1041 814 transfigurauit
1066 758 1115 799 in
1140 757 1326 799 silicem.
1352 756 1675 798 Mendacitatis
1701 761 1746 798 et
1771 756 1821 798 in
1844 769 1901 797 eo
1926 755 2044 797 bene

360 827 661 883 premeritum
688 826 752 867 sic
780 825 1003 881 imposuit
1030 823 1185 866 finem.
1213 823 1303 866 Sed
1330 828 1375 865 et
1402 824 1451 865 in
1476 823 1771 879 elegancioris
1797 823 1891 864 vite
1917 822 2043 864 viros

360 907 469 935 suas
488 906 731 935 exercuere
749 892 872 934 vires
892 891 1103 948 punitiue
1122 889 1472 932 mendaciorum
1491 889 1772 946 penalitates.

424 959 495 1014 [4.]
517 960 643 1002 Nota
659 959 783 1008 satis,
799 963 851 1001 ut
867 972 1083 1015 auguror,
1098 962 1168 1000 est
1183 956 1510 1013 triuialiterque
1526 957 1629 999 trita
1645 955 1705 998 de
1721 956 2000 998 transmissis
2016 969 2043 997 a

359 1028 526 1084 Moyse
559 1031 728 1069 terram
762 1026 1082 1082 promissionis
1117 1024 1177 1067 ad
1211 1023 1544 1080 explorandam
1577 1023 1890 1080 preinstructis
1923 1021 2044 1064 adeo

360 1093 788 1136 commendabiliter
805 1091 1170 1149 exploratoribus
1188 1091 1391 1140 historia,
1409 1105 1491 1132 nec
1510 1091 1663 1132 minus
1681 1079 2043 1146 exploratorum³

361 1160 694 1217 subsequenter
713 1159 833 1215 (licet
851 1173 948 1201 non
964 1158 1192 1213 omnium)
1212 1157 1470 1199 voluntarie
1488 1157 1821 1199 menciencium
1839 1156 2044 1213 punicio-

361 1241 442 1269 nes
480 1226 844 1269 mendaciorum.
881 1226 1072 1282 Moyses
1110 1224 1302 1282 quidem
1337 1225 1409 1266 vir
1444 1223 1690 1265 bellissime
1727 1223 2044 1279 morigeratus,

361 1295 577 1351 mitisque
590 1308 687 1336 non
699 1294 854 1336 minus
869 1298 914 1335 et
928 1293 1128 1350 paciens,
1141 1290 1658 1348 commendabiliterque
1671 1291 2044 1347 circumspectuS,

362 1362 422 1404 ad
450 1376 555 1404 eam
582 1362 805 1418 sagaciter
831 1359 1165 1417 explorandam
1193 1359 1443 1401 duodecim
1469 1359 1594 1400 viros
1625 1358 1735 1415 (quo
1763 1356 2045 1414 populariter

362 1429 592 1486 publicata
607 1428 786 1485 loquar)
803 1428 1123 1485 promissionis
1139 1427 1389 1469 transmisit
1404 1425 1464 1468 ad
1480 1431 1659 1468 terram:
1675 1424 1735 1467 de
1750 1424 1871 1467 tribu
1884 1423 2046 1466 videli-

361 1502 432 1538 cet
450 1495 668 1553 Effraym,
685 1496 821 1548 Josue
841 1494 991 1537 filium
1010 1495 1136 1543 Nun;
1156 1493 1216 1536 de
1236 1493 1357 1535 tribu
1374 1492 1503 1545 Jude,
1522 1491 1699 1549 Caleph
1717 1491 1866 1534 filium
1885 1490 2046 1547 Iepho·

361 1577 434 1612 ue,·
453 1563 746 1619 reliquosque
764 1576 792 1604 x
811 1553 927 1604 suis⁴
947 1561 1006 1603 de
1025 1560 1217 1617 singulis
1237 1559 1445 1602 tribubus
1465 1550 1748 1615 designatos⁵
1767 1557 1827 1600 de
1844 1558 2043 1600 nomine.

361 1629 451 1672 Sed
472 1643 634 1672 omnes
656 1634 808 1686 preter
825 1629 975 1681 Josue,
994 1628 1127 1685 quasi
1146 1641 1376 1669 consensu
1396 1625 1774 1683 preconfederato
1794 1624 2045 1673 communi,

363 1697 423 1739 de
454 1702 571 1739 terre
602 1701 726 1738 statu
755 1709 937 1738 necnon
966 1700 1011 1737 et
1042 1695 1133 1737 situ
1164 1699 1489 1750 conuentuque
1519 1692 1733 1750 populari
1763 1696 1971 1749 patenter
2000 1696 2045 1733 et

362 1764 700 1806 exfrontissime
710 1768 819 1805 sunt
830 1763 1022 1811 mentiti,
1033 1761 1316 1804 mendaciter
1327 1774 1528 1803 asserere
1539 1774 1635 1802 non
1645 1759 1939 1801 abhorrentes
1950 1771 2047 1800 non

362 1845 501 1888 posse
516 1836 611 1872 tam
625 1829 767 1872 fortes
783 1844 810 1871 a
825 1834 920 1871 tam
935 1827 1163 1871 debilibus
1178 1828 1445 1884 expugnari,
1460 1832 1527 1869 tot
1541 1824 1895 1868 innumerabiles
1909 1838 1936 1867 a
1950 1829 2046 1866 tam

363 1898 522 1954 paucis
552 1896 852 1954 subpeditari;
896 1895 1008 1952 {41¹1
1049 1896 1381 1951 ciuitatumque
1410 1894 1776 1942 numerositates,
1804 1904 2046 1934 murorum

363 1978 553 2021 prorsus
574 1969 619 2006 et
639 1962 1080 2020 inexpugnabilium,
1099 1962 1308 2004 virorum
1327 1962 1642 2003 virtuosorum
1662 1958 1981 2002 multitudines
2001 1962 2046 2000 et

363 2030 800 2087 inexsuperabilium
811 2035 919 2072 sunt
930 2029 1286 2071 mendosissime
1295 2018 1611 2070 commentiti.⁶
1620 2026 1710 2068 Sed
1721 2031 1766 2068 et
1777 2025 2046 2067 inhabitato-

363 2112 468 2140 rum
483 2103 651 2140 terram
667 2097 1004 2139 deuoratricem
1018 2109 1213 2138 suorum
1227 2095 1326 2137 fore
1340 2085 1572 2137 mendaci⁷
1585 2098 1693 2135 sunt
1707 2098 1752 2135 et
1765 2092 1883 2134 elata
1897 2091 2047 2134 fronte

363 2165 572 2223 professi.
594 2165 768 2208 Verum
789 2178 885 2207 non
905 2164 1079 2221 inpune
1102 2162 1292 2206 tandem
1313 2167 1421 2205 sunt
1442 2161 1561 2204 adeo
1583 2151 1812 2203 mendaci⁸
1834 2159 1898 2202 sic
1920 2172 2047 2202 men-

362 2225 552 2276 cientes⁹
589 2247 669 2275 ore
705 2232 858 2275 locuti.
896 2232 1080 2288 Nempe
1117 2230 1336 2273 dominus
1374 2243 1535 2272 omnes
1572 2242 1690 2286 quos
1727 2226 2045 2285 promissionis

364 2306 531 2343 terram
560 2301 751 2358 Moyses
782 2300 1095 2342 transmiserat
1124 2298 1185 2340 ad
1215 2296 1561 2355 explorandam,
1590 2295 1775 2338 duobus
1806 2294 2046 2337 dumtaxat

365 2369 516 2425 (Iosue
541 2367 756 2410 videlicet
782 2372 827 2409 et
854 2366 1013 2422 Caleb)
1042 2366 1256 2422 exceptis,
1283 2365 1455 2407 summi
1482 2363 1650 2406 scilicet
1675 2363 1878 2405 numinis
1904 2362 1975 2403 vis
2002 2366 2047 2402 et

363 2441 567 2493 potestas
588 2434 811 2492 penaliter
829 2434 1055 2491 percussit
1075 2446 1259 2475 summa
1279 2445 1462 2488 semper
1481 2436 1525 2473 et
1545 2429 1876 2487 insuperabilis.

437 2656 449 2678 ¹
466 2662 629 2696 enormis
646 2663 669 2696 S

437 2711 451 2735 ²
467 2717 624 2752 involuti
642 2718 665 2752 S

436 2768 451 2791 ³
466 2773 758 2821 exploratoribus
774 2774 797 2807 S

436 2824 451 2847 ⁴
467 2841 555 2865 suos
571 2831 594 2865 S

437 2880 451 2903 ⁵
467 2886 671 2933 designatis
688 2887 711 2921 S

437 2937 452 2960 ⁶
466 2942 668 2977 commenti
685 2943 708 2976 S

437 2993 453 3016 ⁷
468 2998 634 3033 mendati
651 2999 674 3033 S

437 3049 452 3071 ⁰
468 3055 634 3090 mendati
652 3056 674 3089 S

438 3105 453 3127 ⁹
468 3113 491 3146 S
507 3112 559 3146 ad.
577 3116 664 3146 sunt
680 3110 784 3157 before
799 3120 862 3145 ore
