2132 3346
277 1187 311 1211 95

260 1520 312 1545 100

261 1855 312 1880 105

262 2192 313 2218 110

262 2528 313 2553 115

372 166 462 207 202
598 173 786 207 SERIUM
807 173 1112 207 SENECTUTIS

372 290 590 342 imitator1
608 290 910 356 inculpatam²
927 312 1026 341 rem
1042 299 1261 355 prosequi
1277 298 1683 354 conuenientisque
1699 298 1990 340 consueuerit
2006 298 2055 340 in

372 366 698 409 moderacione
717 365 870 408 tutele.

436 433 508 487 [5.]
529 434 600 475 Sic
621 434 789 489 itaque,
809 446 904 489 quo
924 423 1156 475 nostrum³
1176 433 1299 474 sanis
1321 437 1366 474 et
1387 432 1599 474 sauciatis
1621 431 1679 473 ab
1698 430 1933 473 Ambrosii
1953 444 2054 487 per-

373 514 538 557 gamus
551 500 741 542 inicium
753 513 937 541 sumere
950 498 1255 548 sermonibus,
1266 498 1602 554 elegantissime
1615 498 1679 539 sic
1692 497 1845 539 scribit
1857 497 2054 539 Ambro-

372 567 482 608 sius:
502 567 562 608 Vt
580 567 722 615 Deus,
742 566 823 622 qui
842 566 916 607 sui
935 571 1099 607 natura
1118 564 1206 607 fuit
1225 570 1270 606 et
1289 569 1359 606 est
1379 564 1633 613 inuisibilis,
1653 564 1840 620 agnosci
1859 564 2054 620 scirique

373 638 530 690 posset
554 647 580 675 a
603 632 875 682 visibilibus,
898 646 1018 689 opus
1042 631 1148 674 fecit
1170 631 1299 688 quod
1323 632 1396 673 sui
1418 630 1678 673 visibilitate
1701 644 1840 672 suum
1863 630 2055 672 demon-

373 705 535 742 straret
555 699 786 756 opificem,
805 712 900 756 quo
921 712 1004 755 per
1022 703 1199 741 certum
1218 698 1638 754 competentissime
1658 697 1974 754 perueniretur
1993 696 2054 739 ad

373 768 531 809 incerti
543 767 876 823 cognicionem,
887 770 1221 822 consequenter
1233 770 1278 807 et
1291 764 1365 806 ille
1377 765 1503 806 Deus
1517 765 1728 806 omnium
1740 763 1838 806 fore
1850 763 2055 806 credere-

373 839 448 876 tur
471 835 551 890 qui
575 833 665 875 tale
688 832 845 875 fecerit
869 846 1004 889 opus,
1027 832 1156 888 quod
1181 836 1386 874 creature
1409 831 1593 873 cuilibet
1616 830 1798 873 efficere
1820 830 2056 872 videretur

372 900 677 957 funditusque
696 899 814 942 foret
834 898 1114 956 inpossibile.
1134 897 1465 955 Contemplans
1485 898 1623 954 igitur
1642 911 1782 939 sensu
1801 902 1896 939 tam
1915 910 2055 954 veges

373 967 516 1010 homo
541 972 717 1009 tantam
741 971 929 1023 tamque
953 965 1200 1023 specialem
1225 965 1391 1007 mundi
1415 964 1689 1014 machinam,
1713 963 1973 1006 nullatenus
1998 963 2057 1006 ab

372 1034 466 1077 ulla
485 1034 586 1077 fieri
604 1048 744 1091 posse
762 1039 970 1076 creatura
989 1033 1088 1075 fore
1106 1033 1392 1082 coniectauit,
1411 1032 1494 1074 sed
1514 1037 1559 1074 et
1578 1031 1822 1074 efficaciter
1839 1030 2057 1074 intellexit

372 1102 561 1145 homine
589 1101 738 1144 multo
765 1100 1074 1143 valenciorem
1103 1099 1201 1143 fore
1229 1099 1330 1142 talis
1359 1099 1575 1156 opificem
1604 1099 1772 1155 speciei
1799 1098 1875 1141 uel
1902 1098 2055 1155 operis

373 1169 493 1211 adeo
513 1169 723 1226 speciosi.
743 1169 814 1210 Sic
835 1168 980 1210 ductu
1000 1168 1194 1210 racionis
1215 1166 1531 1209 efficacissime
1550 1167 1635 1208 Dei
1654 1180 1704 1208 se
1723 1165 1990 1207 certificauit
2009 1165 2058 1207 in

372 1237 654 1293 cognicione,
680 1236 858 1292 Deique
885 1236 948 1277 sic
976 1234 1222 1276 inuisibilia
1248 1247 1331 1291 per
1356 1247 1410 1275 ea
1436 1247 1527 1290 que
1553 1233 1671 1275 facta
1698 1238 1806 1274 sunt
1831 1231 2056 1274 intellecta

373 1308 482 1345 sunt
501 1317 528 1345 a
547 1307 766 1345 creatura.

437 1369 509 1424 [6.]
530 1370 646 1411 Sunt
670 1370 817 1411 eciam
842 1368 1141 1425 quamplures
1167 1367 1253 1409 alie
1278 1368 1483 1409 raciones
1509 1367 1694 1408 sinceris
1719 1371 1764 1408 et
1789 1366 1984 1408 summis
2009 1365 2058 1407 in

374 1436 700 1479 subtilitatibus
726 1435 938 1492 adprime
962 1433 1355 1476 commendabiles
1381 1434 1624 1490 precipuis,
1649 1438 1694 1475 et
1719 1434 1768 1475 in
1791 1423 2056 1474 subtilitate⁴

374 1504 653 1559 scientiaque
665 1503 776 1544 iuris
789 1502 1134 1544 antonomasice
1145 1491 1622 1548 commendabilibus?
1633 1512 1887 1555 eorumque
1898 1497 2056 1540 firmas

374 1571 422 1612 in
443 1569 540 1611 fide
562 1583 645 1626 per
667 1568 954 1618 subtilitates,
976 1569 1307 1624 racionumque
1330 1581 1412 1623 per
1434 1567 1711 1608 sinceritates
1734 1565 1868 1607 firma
1891 1564 2056 1607 funda-

374 1636 654 1693 mentalique
681 1635 913 1678 soliditate
940 1636 1188 1691 ruinasque
1215 1635 1326 1676 citra
1353 1633 1578 1690 quaslibet
1604 1634 1805 1675 rimasue
1831 1636 2057 1689 perpetuo

374 1703 571 1746 stabiles.
599 1703 662 1745 Ut
687 1703 826 1759 igitur
853 1702 1104 1744 autenticas
1131 1702 1180 1743 in
1204 1701 1365 1758 primis
1392 1699 1664 1742 falsitatibus
1690 1705 1735 1741 et
1761 1699 2057 1755 inpermixtas

374 1769 622 1812 Aristotilis
648 1769 924 1812 accedamus
951 1768 1012 1810 ad
1039 1769 1333 1817 asserciones,
1359 1781 1449 1824 que
1475 1766 1563 1809 sub
1587 1766 1684 1808 sole
1709 1770 1817 1808 sunt
1841 1765 2057 1807 vniuersa

374 1837 618 1894 singularis
629 1837 701 1879 vir
713 1835 974 1879 subtilitatis
986 1835 1209 1878 breuitate
1221 1833 1572 1891 comprehendit
1583 1834 1646 1875 sic
1659 1832 1747 1875 sub
1758 1832 2058 1875 succinctissi-

375 1919 463 1947 ma:
492 1903 727 1962 Quicquid
757 1903 845 1946 sub
873 1903 970 1946 sole
998 1902 1205 1945 subsistit
1233 1907 1313 1945 aut
1341 1901 1552 1944 accidens
1580 1906 1649 1943 est
1677 1905 1756 1943 aut
1783 1899 2057 1949 substancia;

388 1972 500 2030 Ι55Ἳ
535 1972 611 2015 vel
634 1978 686 2015 ut
709 1986 892 2030 queque
915 1962 1157 2014 remotius6
1181 1969 1455 2013 amandetur
1477 1969 1753 2026 calumpnia,
1776 1972 2059 2025 preponatur

375 2040 599 2083 accidenti
623 2041 663 2082 si
686 2040 795 2082 libet
818 2040 867 2082 in
891 2039 1121 2081 diuisione
1145 2038 1418 2080 substancia.
1442 2038 1658 2079 Sumatur
1681 2041 1726 2078 et
1749 2035 1822 2078 hic
1846 2034 2058 2077 accidens

375 2107 727 2150 habundancius
745 2121 887 2164 quam
905 2107 1028 2148 sumi
1044 2106 1286 2148 consueuit
1303 2106 1351 2147 in
1367 2105 1527 2161 logica,
1543 2103 1757 2146 videlicet
1773 2116 1912 2144 omne
1928 2101 2056 2159 quod

375 2174 589 2217 abhorret
611 2189 637 2217 a
659 2188 742 2232 per
764 2188 814 2216 se
835 2173 1148 2216 subsistencia.
1171 2172 1438 2215 Substancia
1461 2170 1680 2228 profecto,
1701 2170 1832 2212 cuius
1854 2173 1924 2211 est
1945 2169 2058 2211 acci-

376 2242 592 2285 dentibus
629 2240 1079 2297 accidentalibusque
1114 2239 1375 2288 subsistere,
1410 2252 1582 2281 nomen
1616 2252 1643 2280 a
1678 2235 1934 2279 substando
1969 2234 2058 2278 tale

375 2308 734 2352 subsistendoue
751 2308 1078 2350 conuenienter
1096 2307 1281 2363 accepit.
1300 2306 1519 2363 Oportuit
1537 2319 1647 2362 ergo
1666 2304 1754 2346 tale
1772 2303 1885 2361 quid
1904 2307 2058 2345 mente

375 2381 593 2434 prompta
623 2376 887 2433 cogitatuve
917 2375 1098 2431 concipi
1127 2373 1256 2431 quod
1288 2378 1333 2416 et
1363 2387 1446 2430 per
1476 2387 1526 2415 se
1556 2371 1674 2414 foret
1703 2377 1748 2413 et
1779 2385 1806 2413 a
1837 2384 1900 2420 se,
1930 2369 2058 2412 nullo

374 2443 590 2486 videlicet
619 2443 677 2485 ab
707 2442 811 2492 alio,
841 2456 924 2499 per
953 2441 1082 2498 quod
1113 2446 1158 2483 et
1187 2455 1214 2483 a
1244 2454 1338 2497 quo
1367 2439 1536 2482 scilicet
1566 2439 1721 2481 omnia
1750 2438 1911 2480 forent:
1942 2435 2057 2479 illud

375 2510 583 2567 profecto
597 2510 672 2552 cui
685 2508 916 2566 supplicat
930 2508 1073 2550 homo
1087 2512 1297 2550 sensatus
1313 2521 1423 2549 sane
1436 2510 1646 2548 censetur
1660 2519 1761 2547 esse
1774 2505 1914 2553 Deus,
1928 2502 2056 2560 quod

375 2582 420 2620 et
439 2591 588 2619 vnum
608 2576 707 2619 fore
727 2575 803 2618 uel
822 2575 966 2618 fuisse
987 2575 1228 2617 dumtaxat
1247 2575 1393 2616 eciam
1413 2578 1601 2630 propter
1621 2571 1856 2615 infinitatis
1877 2574 2058 2627 oportet

376 2644 814 2687 inconuenienciam.
835 2643 1020 2699 Nempe
1041 2642 1080 2684 si
1100 2641 1218 2684 foret
1239 2640 1365 2683 aliud
1388 2655 1414 2683 a
1435 2654 1529 2697 quo
1549 2638 1667 2682 foret
1687 2643 1732 2681 et
1753 2637 1882 2687 illud,
1903 2637 2059 2693 sicque

450 2832 461 2854 ¹
479 2838 604 2873 imitor
618 2839 642 2872 S

449 2887 463 2911 ²
479 2894 669 2941 inculpare
685 2895 708 2928 S

449 2944 463 2967 ³
479 2955 605 2984 nostro
622 2950 645 2984 S

449 3001 463 3024 ⁴
479 3006 518 3040 in
534 3005 747 3049 subtilitate]
765 3005 813 3039 ab
829 3004 1070 3039 insubtilitate
1086 3004 1109 3038 S

449 3056 464 3078 ⁵
478 3061 797 3097 commendabiles
813 3062 836 3096 S

449 3112 464 3134 ⁶
479 3124 643 3153 remotus
659 3119 682 3153 S
