2132 3346
248 568 282 593 75

247 1237 282 1262 85

247 1907 281 1931 95

230 2244 281 2268 100

229 2580 280 2604 105

344 152 403 193 80
540 159 727 193 SERIUM
749 159 1054 193 SENECTUTIS

344 298 424 326 ore
443 284 722 326 ducerentur
738 298 905 333 errore,
924 284 1122 326 deorum
1139 283 1216 326 uel
1234 285 1494 327 reuerencia
1513 284 1747 341 deliraque
1765 285 2028 335 dileccione,

344 350 570 392 metallica
584 350 923 392 venerabantur
938 364 1018 392 eos
1035 351 1084 392 in
1097 350 1341 400 soliditate,
1356 352 1693 408 numinumque
1709 351 2027 394 multitudines

344 417 491 459 fecere
518 418 582 459 sic
609 417 868 459 adorabiles
896 418 1087 459 omnino
1114 431 1610 474 supervacuaneorum.
1637 418 2028 461 Ridiculosissime

344 498 504 526 reuera
522 498 610 526 suo
627 498 736 526 suas
755 485 803 526 in
819 485 1047 526 seruiente
1065 483 1391 541 paterfamilias
1409 485 1562 541 quiuis
1579 484 1811 527 ulciscitur
1827 486 2028 534 iniurias,

343 552 424 608 qui
437 551 783 607 delinquentem
796 565 884 593 suo
897 551 983 593 sibi
996 550 1228 607 qualifacit
1241 552 1289 593 in
1301 551 1474 607 gaudio
1487 551 1808 593 substanciaue
1821 551 2028 608 parifica-

343 617 495 660 bilem.
511 618 631 660 Bene
645 618 917 660 meritorum
931 632 1101 674 nempe
1115 618 1224 660 satis
1239 623 1308 659 est
1323 617 1383 659 ad
1399 619 1822 660 remuneracionem
1835 618 2028 660 vernali-

344 690 412 727 ter
426 685 747 727 ancillancium
761 684 890 741 quod
906 685 972 726 eis
988 684 1167 741 ingredi
1181 684 1373 726 facultas
1389 686 1461 726 sui
1475 685 1754 727 concedatur
1770 685 2028 727 dominato-

344 753 405 793 ris
425 753 474 793 in
493 752 732 808 gaudium.

408 818 479 872 [5.]
502 818 853 860 Detestabilium
869 832 1056 874 quoque
1074 832 1169 859 non
1186 818 1339 859 minus
1358 832 1468 859 suos
1487 832 1702 874 procaces
1721 818 1835 860 deos
1853 831 2028 860 memo-

343 890 412 926 rat
446 886 693 941 antiquitas
726 884 899 926 ultores
933 885 1134 926 extitisse
1167 884 1455 933 delictorum,
1487 884 1570 926 sed
1605 890 1649 926 et
1682 884 1910 926 illatarum
1942 884 2029 926 sibi

343 952 674 993 contumaciter
687 952 973 1000 iniuriarum,
988 951 1227 993 debitasue
1241 951 1327 993 sibi
1340 952 1458 993 circa
1473 951 1714 1008 religiones
1728 951 2028 1008 negligencia-

343 1033 461 1061 rum.
478 1019 666 1060 Penthei
681 1018 889 1075 profecto
907 1018 1097 1060 triuialis
1113 1024 1196 1068 est,
1212 1019 1304 1060 oris
1321 1024 1365 1060 et
1381 1019 1430 1060 in
1444 1018 1542 1060 udo
1559 1018 1788 1075 populica,
1803 1018 2028 1060 festorum

344 1087 584 1128 temeraria
602 1086 760 1128 Tionei
777 1086 1108 1142 contemptoris
1128 1086 1362 1142 impericia
1381 1085 1602 1142 penaliter
1620 1099 1646 1128 a
1664 1086 1835 1127 Tioneo
1853 1086 2026 1142 punita.

342 1153 433 1195 Sed
447 1158 492 1195 et
507 1154 768 1210 punicionis
783 1153 965 1195 deitatis
981 1152 1192 1195 anomale
1207 1154 1432 1195 maneries
1447 1153 1698 1209 platealiter
1712 1158 1781 1195 est
1796 1152 2027 1209 puplicata

344 1220 672 1277 triuialiterque
689 1221 806 1270 trita,
836 1219 954 1276 Ι13Ἴ
983 1220 1066 1262 sed
1083 1234 1166 1262 nec
1184 1220 1336 1276 lippos
1354 1219 1474 1269 latet,
1490 1220 1704 1262 luscosue
1720 1234 1803 1262 nec
1820 1225 2028 1262 tonsores

342 1287 535 1329 vlcionis
560 1287 771 1329 vinaliter
796 1287 954 1329 diuine
979 1287 1150 1329 modus
1175 1287 1251 1329 uel
1275 1286 1436 1329 forma.
1462 1288 1549 1329 Uix
1575 1292 1730 1329 autem
1753 1287 2028 1343 cuiusquam

343 1354 692 1411 superficialiter
704 1355 851 1396 eciam
865 1354 1047 1396 litterati
1061 1355 1283 1396 memorie
1297 1354 1513 1396 subducit
1527 1354 1699 1396 obliuio
1713 1354 1789 1396 uel
1802 1354 2029 1410 agnicioni

343 1422 537 1478 qualiter
551 1414 746 1478 Agaue,1
764 1421 908 1464 facilis
925 1422 985 1463 ad
1002 1421 1259 1463 fatuitatem
1275 1422 1411 1463 Lenei
1426 1421 1600 1463 viribus
1617 1421 1837 1463 infatuata
1852 1421 2027 1463 vinosis

343 1494 387 1530 et
411 1490 638 1544 instigata,
662 1489 899 1544 propriam
922 1488 1175 1530 Pentheum
1199 1488 1439 1544 prophana
1463 1494 1608 1529 mater
1631 1487 1902 1529 interfecerit
1924 1501 2028 1543 pro-

343 1555 448 1604 lem,
464 1555 696 1611 religionis
713 1556 761 1597 in
775 1569 933 1596 amore
949 1555 1378 1611 pertinacissimum.
1396 1554 1662 1604 Qualiterue
1678 1553 1866 1610 genialis
1881 1554 2029 1595 consi-

343 1627 415 1663 tor
449 1613 562 1663 uue²
597 1622 906 1678 magisterque
942 1622 1167 1670 Bromius,
1203 1621 1506 1677 ignigenaque
1541 1620 1731 1669 Bachus,
1766 1634 2027 1662 macescens

343 1693 509 1745 sponte
527 1703 626 1738 sua,
644 1687 1048 1745 temporaliterque
1066 1687 1431 1744 transfiguratus,
1449 1688 1587 1729 maris
1605 1692 1649 1729 et
1667 1688 1715 1729 in
1731 1687 1861 1729 litore
1878 1701 2028 1743 reper-

344 1761 432 1805 tus,
448 1761 493 1797 et
510 1756 558 1797 in
573 1756 683 1797 naui
699 1769 841 1812 quam
858 1755 941 1796 diu
958 1755 1044 1797 sibi
1060 1755 1203 1796 libero
1219 1754 1349 1796 libuit
1365 1755 1497 1811 quasi
1512 1754 1797 1811 captiualiter
1812 1759 2028 1803 retentus,

343 1837 452 1864 suas
472 1822 738 1864 vlciscendo
758 1822 1052 1864 numinaliter
1071 1822 1273 1871 iniurias,
1294 1827 1678 1878 presumptuosos
1700 1821 2028 1877 temerarieque

342 1889 570 1931 violentos
607 1891 655 1931 in
690 1890 839 1946 pisces
876 1890 1079 1931 marinos
1116 1889 1363 1931 mutauerit
1399 1893 1662 1938 retentores,
1697 1887 1910 1944 udosque
1946 1901 2028 1944 per

342 1957 663 2006 vinolenciam,
685 1956 997 2013 madidosque
1019 1970 1101 2013 per
1122 1956 1444 1998 temulenciam
1467 1961 1715 2012 perpetuos
1737 1955 1842 1997 fecit
1863 1956 1912 1997 in
1931 1954 2028 1996 vdo

342 2029 586 2066 natatores.

407 2091 478 2145 [6.]
501 2092 612 2134 Non
634 2092 788 2134 minus
812 2096 935 2140 nota,
957 2096 1009 2133 ut
1032 2104 1247 2147 auguror,
1269 2096 1338 2132 est
1361 2089 1665 2132 artificialium
1687 2089 2028 2131 commenticio·

343 2173 540 2216 rumque
572 2159 779 2216 supremi
812 2158 1009 2201 deorum
1041 2158 1450 2215 commenticieque
1483 2158 1688 2214 precipui
1719 2170 1910 2199 suarum
1941 2155 2028 2198 sibi

343 2228 464 2269 Iouis
490 2227 719 2268 illatarum
743 2227 897 2283 grauis
921 2226 1042 2268 vlcio
1066 2240 1263 2282 sequens
1287 2226 1568 2267 iniuriarum.
1594 2225 1776 2281 Nempe
1798 2238 1906 2266 cum
1929 2225 2028 2280 qui-

344 2293 455 2335 dam
475 2285 693 2335 Procarti3
713 2293 959 2335 cuiusdam
980 2293 1282 2349 negociatoris
1303 2292 1440 2341 filius,
1461 2291 1738 2334 Allexander
1757 2290 2028 2348 appellatus,

343 2361 401 2402 ab
416 2362 711 2417 Egipciorum
726 2375 832 2417 rege
847 2360 1099 2402 Tholomeo
1114 2359 1276 2401 fuisset
1291 2360 1339 2401 in
1352 2360 1528 2415 Syriam
1544 2359 1853 2407 transmissus,
1868 2358 2028 2399 Antio-

342 2428 430 2470 cho
456 2442 562 2484 rege
587 2429 684 2470 suis
709 2442 818 2470 cum
842 2428 965 2484 Syris
991 2427 1262 2469 Parthorum
1287 2426 1461 2468 viribus
1488 2427 1775 2482 interempto,
1800 2426 1879 2482 qui
1903 2438 2027 2466 com-

343 2496 559 2537 menticio
575 2496 673 2537 iure
689 2496 992 2537 successionis
1010 2509 1105 2536 non
1120 2495 1273 2536 minus
1290 2508 1431 2551 quam
1447 2493 1575 2535 bellis
1592 2493 1678 2535 sibi
1694 2506 1887 2549 regnum
1904 2497 2027 2549 pete·

343 2568 411 2604 ret
434 2568 478 2604 et
503 2564 657 2612 armis,
681 2576 820 2604 omne
843 2563 953 2604 citra
977 2561 1149 2603 bellum
1174 2562 1404 2618 pacienter
1428 2561 1660 2602 admissus
1684 2565 1752 2602 est
1777 2574 1802 2601 a
1825 2560 1960 2616 SyriS.
1985 2559 2027 2600 A

343 2629 587 2671 Tholomeo
599 2643 796 2686 namque
809 2629 1138 2685 precomposita
1150 2629 1271 2670 venit
1283 2627 1551 2670 Allexander
1563 2627 1621 2669 ad
1635 2626 1881 2669 fallendum
1892 2626 2025 2682 Syros

343 2696 551 2738 fallaciter
565 2696 715 2738 fabula
729 2695 853 2752 quod
869 2697 979 2737 uiuo
993 2695 1198 2737 videlicet
1213 2695 1269 2736 ab
1282 2694 1504 2736 Antiocho
1519 2709 1598 2750 per
1611 2694 1908 2750 adopcionem
1923 2706 2025 2748 rege

357 2763 465 2820 114¹!
496 2764 664 2820 regiam
683 2768 887 2820 receptus
907 2762 1090 2805 artificio
1109 2762 1237 2819 legali
1255 2761 1410 2804 fuisset
1428 2760 1695 2803 Allexander
1713 2761 1759 2802 in
1776 2759 2002 2802 familiam.

417 2987 428 3008 ¹
446 3002 515 3038 aga
533 3002 580 3026 ue
597 2993 619 3026 S

417 3041 430 3064 ²
447 3048 558 3082 uuebi
577 3049 599 3082 S

416 3098 430 3120 ³
447 3105 601 3139 Procarti
620 3106 654 3144 S,
671 3104 826 3139 Protanci
843 3104 951 3147 lustin
