2132 3346
247 497 298 521 380

247 1167 299 1191 390

248 1500 299 1525 395

247 1835 299 1860 400

247 2171 300 2196 405

248 2509 300 2533 410

360 146 449 188 140
586 153 774 187 SERIUM
795 153 1101 187 SENECTUTIS

424 278 524 333 [23]
546 280 722 321 Reuera
740 293 843 321 reor
860 284 939 321 tua
956 278 1168 321 funditus
1185 279 1234 320 in
1249 271 1554 321 contumacia¹
1574 278 1649 321 uel
1666 278 1885 321 fatuitatis
1903 278 2042 321 obsti-

360 351 465 388 nate
489 337 603 388 n0n²
626 337 813 388 fuisses³
837 346 886 388 in
908 346 1167 402 pertinaciis
1191 344 1456 395 infatuatus,
1480 346 1519 387 si
1542 346 1606 387 sic
1630 346 2042 388 sermocinancium

360 414 592 455 racionem
618 412 920 469 contemplari
947 413 1289 454 mansueuisses
1316 413 1619 454 intrinsecam.
1647 412 1765 454 Talis
1792 412 2042 468 Philologia

360 479 568 536 profecto
603 479 679 521 uel
713 478 1008 535 Philosophia
1046 478 1257 534 (racionis
1293 492 1423 520 amor
1456 478 1669 520 videlicet
1704 478 1780 520 uel
1814 479 2042 535 sapiencie

360 545 538 588 solidus
579 560 783 602 sanaque
821 544 1229 602 contemplacionis
1269 544 1568 587 subsistencia
1606 544 1922 601 consumatus)
1963 544 2042 587 vbi

360 612 626 654 sublunaria
649 612 882 668 (mediana
903 612 1088 668 scilicet)
1110 625 1220 653 sane
1240 611 1569 653 transcenderit
1589 617 1634 654 et
1654 617 1834 653 sensate
1853 611 2042 653 salubri-

361 684 520 736 terque
541 678 710 728 studia,
732 678 838 720 talia
860 679 924 720 sic
947 678 1347 720 transcendentem
1368 678 1512 720 libens
1534 678 1799 727 Athanasia,
1821 677 1937 720 dum
1958 691 2043 720 sua

361 746 447 788 sibi
477 745 740 788 subsidium
770 745 957 802 supplet
987 745 1268 801 Apotheosis
1298 750 1444 787 mater
1473 750 1518 787 et
1548 745 1781 801 alumpna,
1811 744 2044 787 transferri

361 818 577 870 procurat
591 812 928 855 inm0rtalitatis
944 812 1005 854 ad
1021 811 1271 854 infinibilia.
1287 812 1470 869 Nempe
1484 813 1718 869 purgacio,
1733 811 2042 860 deificaciove,

360 880 437 922 uel
470 881 760 922 consecracio
794 885 941 922 mater
975 884 1044 921 est
1079 871 1142 921 et⁴¹
1176 893 1315 921 causa
1349 880 1674 921 conuenienter
1707 878 2042 921 inmortalitatis

361 947 586 989 effectiua.
618 947 730 989 Non
758 951 828 988 est
858 947 997 1003 igitur
1027 960 1137 988 sane
1167 947 1360 988 sensatis
1391 947 1772 987 convenienterve
1802 945 2044 987 cerebratis

361 1028 528 1071 magne
543 1014 775 1056 motiuum
789 1013 866 1055 uel
881 1013 1219 1062 admiracionis,
1233 1013 1587 1055 excitatiuumve
1602 1012 1732 1054 rudis
1746 1017 1791 1054 et
1806 1012 2043 1054 temerarie

361 1081 702 1138 reprobacionis
726 1080 854 1138 quod
879 1080 1134 1123 inmortalis
1158 1079 1276 1122 facta
1300 1081 1606 1137 purgacionis,
1630 1079 2044 1136 deificacionisque,

360 1149 437 1191 uel
457 1149 819 1191 consecracionis
841 1149 985 1205 gratia
1006 1148 1194 1190 feliciter
1214 1147 1520 1204 Philosophia,
1541 1138 1757 1204 supplici⁵
1778 1148 2043 1203 sinceraque

361 1216 757 1259 subsidiatricibus
782 1215 992 1258 litacione
1016 1216 1182 1272 gratias
1207 1215 1484 1272 persoluisse
1508 1214 1800 1271 perhibeatur
1821 1213 2044 1256 honestis-

361 1285 477 1326 sime
496 1283 682 1332 deuota,
700 1297 795 1339 quo
814 1284 932 1325 sicut
950 1288 995 1325 et
1014 1282 1355 1324 subsidiatrices
1374 1287 1418 1324 et
1437 1281 1712 1331 subsidium,
1731 1282 1794 1323 sic
1813 1286 1857 1323 et
1875 1281 2045 1323 litacio-

361 1351 432 1392 nis
453 1351 620 1407 gratias
641 1349 739 1392 sola
758 1349 1060 1406 contemplari
1080 1363 1245 1406 pergas
1265 1350 1313 1391 in
1331 1348 1493 1405 figura.

425 1417 524 1471 [24.]
547 1418 617 1459 De
659 1421 824 1466 cetero,
868 1416 1116 1472 pecualiter
1158 1429 1493 1472 perperamque
1534 1416 1712 1457 causari
1755 1428 2044 1471 presumeres

361 1483 685 1525 inmortalitate
705 1482 974 1524 beatificatis
996 1482 1072 1524 uel
1093 1483 1210 1539 ignis
1230 1483 1440 1523 vssiones
1462 1482 1538 1523 uel
1558 1481 1731 1538 limphe
1752 1481 2043 1522 subluciones

361 1551 586 1592 innuitiue
599 1549 773 1591 verbali
785 1549 861 1591 vel
873 1550 1168 1606 expressione
1184 1549 1282 1604 (tuo
1295 1562 1389 1605 quo
1403 1554 1497 1590 tam
1525 1548 1615 1604 135¹
1629 1549 1636 1604 Ι
1662 1554 1831 1589 temere
1845 1547 2044 1589 deduce-

361 1618 422 1659 ris
444 1616 670 1672 examine)
695 1630 886 1673 prorsus
909 1617 1271 1672 incompetenter
1292 1615 1548 1657 attribuere.
1571 1615 1660 1656 Sed
1683 1616 1722 1656 si
1744 1615 1808 1656 sic
1830 1615 2043 1656 sermoci-

361 1685 511 1726 nantis
528 1689 745 1733 mentem,
761 1684 1030 1732 racionisve,
1045 1682 1121 1724 uel
1137 1683 1406 1724 intencionis
1424 1682 1503 1723 tibi
1519 1681 1738 1731 libuisset,
1753 1681 2044 1737 licuissetque

364 1751 558 1807 (semota
577 1751 865 1807 procacitatis
885 1756 963 1792 tue
981 1750 1245 1806 pertinacia)
1266 1750 1623 1806 preperscrutari
1642 1749 1959 1797 sinceritatem,
1978 1748 2044 1789 tui

361 1817 519 1860 forsan
530 1817 818 1860 mitificasses
830 1817 1157 1859 melioratusve
1169 1821 1396 1859 mutasses
1409 1817 1456 1858 in
1468 1816 1631 1858 melius
1643 1816 1864 1857 examinis
1877 1814 2045 1856 acerbi-

362 1890 515 1927 tatem.
547 1885 670 1927 Talia
701 1884 908 1941 profecto
940 1884 1087 1926 taliter
1117 1884 1381 1932 enuncians,
1412 1897 1461 1925 se
1491 1884 1663 1925 serium
1693 1896 1789 1924 non
1818 1881 1966 1924 exibet
1996 1882 2045 1923 in

362 1952 528 1994 talibus
551 1957 840 2001 assertorem,
861 1951 945 1993 sed
969 1952 1238 1993 assercionis
1260 1950 1573 1992 voluntarium
1594 1950 1834 1991 vetustatis
1856 1961 2045 1991 erronee

361 2025 715 2062 retractatorem.
731 2020 950 2061 Uetustas
966 2019 1103 2068 enim,
1119 2018 1316 2060 deorum
1331 2017 1551 2060 derisorie
1565 2016 1764 2059 delirans
1780 2015 1983 2059 ridiculis
1998 2016 2047 2057 in

362 2087 775 2129 adinuencionibus
792 2087 1235 2135 commenticiorum,
1250 2085 1451 2127 Vedium
1469 2085 1726 2140 (Plutonem
1740 2083 1953 2126 videlicet
1969 2082 2044 2125 uel

361 2145 573 2210 Orcum⁶)
599 2168 684 2196 sua
707 2168 816 2196 cum
839 2155 1036 2210 coniuge
1060 2154 1330 2209 Proserpina
1354 2152 1429 2194 uel
1452 2152 1629 2194 Allecto
1653 2141 1875 2193 seductis⁷
1898 2164 1924 2192 a
1947 2163 2044 2192 cor-

362 2221 552 2278 poribus
584 2222 873 2270 exeuncium,
904 2221 1028 2262 necis
1059 2226 1104 2262 et
1135 2220 1325 2262 ulterius
1357 2233 1383 2261 a
1414 2219 1684 2261 condicione
1715 2217 2046 2260 sentencialiter

362 2288 692 2338 absolutarum,
710 2287 828 2330 forte
845 2287 1048 2345 fingebat
1066 2287 1356 2329 insidiatores
1374 2287 1646 2335 animarum,
1663 2299 1757 2343 quo
1774 2298 1897 2327 noua
1914 2284 2045 2326 noui-

362 2362 430 2399 ter
445 2357 513 2413 (ut
526 2356 595 2413 fit)
611 2357 659 2398 in
671 2355 943 2398 condicione
957 2355 1017 2397 de
1031 2355 1151 2397 facili
1163 2354 1571 2397 consternabilibus
1586 2359 1779 2395 terrores
1793 2354 2045 2394 incuterent

362 2423 828 2481 perturbacionesque
841 2422 1158 2465 formidinum.
1171 2422 1261 2464 Sed
1275 2421 1552 2464 Eumenides
1565 2426 1634 2462 est
1649 2420 1807 2477 (furias
1820 2425 1932 2477 puta
1945 2419 2045 2476 plu-

363 2491 574 2547 tuniales)
592 2505 823 2533 nouarum
838 2495 1101 2532 commenta
1115 2490 1400 2531 cruciatrices
1417 2490 1687 2530 animarum.
1703 2488 1887 2543 Suoque
1903 2486 2045 2542 finge-

362 2558 439 2600 bat
463 2559 568 2615 igne
592 2559 798 2600 nouicias
821 2572 966 2607 vrere,
990 2571 1167 2613 suaque
1191 2556 1404 2598 subluere
1428 2555 1601 2612 limpha
1625 2554 1845 2611 penaliter
1869 2554 2044 2595 animas

436 2757 448 2780 ¹
466 2762 504 2797 in
521 2768 583 2797 tua
601 2762 770 2797 funditus
786 2761 1018 2796 contumacia
1036 2762 1070 2801 S,
1087 2754 1123 2795 5¹
1140 2761 1191 2795 ad.
1210 2760 1248 2795 in
1265 2760 1369 2807 before
1383 2759 1614 2794 contumacia

436 2812 449 2834 ²
465 2829 542 2853 non
558 2819 606 2853 ed.

435 2868 450 2891 ³
466 2874 578 2910 fueris
594 2875 617 2909 S

435 2925 450 2947 ⁴
465 2935 501 2964 et
516 2930 564 2964 ed.

436 2981 450 3003 ⁵
466 2986 696 3033 supplicibus
713 2987 736 3020 S

435 3036 450 3059 ⁶
465 3044 598 3078 Ortum
616 3044 639 3078 S

436 3093 451 3115 ⁷
466 3100 631 3134 sedudos
648 3101 671 3133 S
