2158 3366
263 1031 313 1056 235

262 1365 313 1390 240

261 1700 312 1725 245

260 2708 310 2733 260

377 145 435 187 68
572 154 760 188 SERIUM
781 154 1086 189 SENECTUTIS

376 271 726 335 quinquaginta¹
758 280 968 321 virorum
999 294 1336 337 procerumque
1367 295 1600 338 synagoge
1632 283 2059 338 prenominatorum

377 345 658 387 detestabilis
698 347 947 388 enormitas
986 347 1167 396 erroris,
1205 346 1404 404 fedaque
1442 348 1761 391 confederacio
1799 349 2059 399 sedicionis,

376 426 557 454 necnon
585 404 650 454 et²
679 414 894 455 execucio
925 413 1085 455 diuina
1115 415 1366 456 murmuris
1395 420 1553 456 contra
1583 415 1782 472 Moysen
1810 417 2060 473 Aaronque

376 481 491 521 moti
505 479 624 521 facta
638 480 894 522 terribiliter
908 480 1102 522 ulcionis
1117 480 1301 538 legendi
1315 495 1397 538 per
1411 482 1729 524 assiduitatem
1743 488 1852 525 nota
1866 484 1976 525 satis
1989 488 2059 525 est

376 552 421 588 et
455 546 600 603 opido
634 546 884 589 familiaris.
919 547 1101 598 Quibus
1136 547 1256 590 adeo
1290 554 1647 605 presumptuose
1681 548 2060 607 derisibiliterque

377 613 691 664 delirantibus,
715 619 760 656 et
785 615 834 656 in
858 614 1146 656 deliramenti
1170 614 1478 671 protelacione
1502 617 1753 658 murmuris
1777 621 1822 658 et
1846 617 1895 659 in
1917 617 2059 659 conti-

375 681 602 721 nuacione
620 686 716 722 tam
734 682 891 722 cenosi
909 681 1091 722 sceleris
1110 686 1156 722 et
1174 682 1223 723 in
1239 683 1510 723 enormitate
1529 683 1889 739 pertinacissime
1907 697 2060 740 perse-

375 747 657 796 uerantibus,
683 748 756 789 vir
781 748 972 804 Moyses
1001 748 1286 797 mitissimus,
1313 754 1365 790 ut
1392 749 1552 790 mitem
1580 748 1747 798 decuit,
1774 750 2060 792 sanctissime

376 819 484 855 tunc
509 819 578 855 est
602 813 811 856 elocutus
838 814 1070 871 (quamuis
1095 814 1156 856 ad
1181 814 1414 871 ultimum)
1440 815 1568 872 quod
1593 817 1806 872 quemuis
1829 817 1976 858 eciam
2000 816 2060 859 de

375 881 474 922 iure
489 880 692 923 iudicem
707 880 840 923 decet
853 880 1101 923 bellissime
1116 881 1346 924 ordinarie
1361 883 1703 939 morigeratum,·
1718 884 1790 925 ius
1804 883 1998 926 ulcionis
2012 884 2062 926 in

375 947 468 989 fine
496 948 635 990 iudex
664 949 713 990 in
738 948 991 990 iudicando
1019 948 1297 1005 rigidissime
1323 950 1682 1006 circumspectus
1710 949 1964 992 terribiliter
1990 955 2060 992 est

375 1020 593 1056 executus
617 1014 919 1064 ordinarium,
941 1015 1163 1072 penaliter
1185 1021 1230 1058 et
1253 1015 1587 1058 inexorabiliter
1609 1016 1798 1059 tandem
1820 1016 2059 1073 puniendo

375 1087 561 1138 peccata
582 1087 677 1124 tam
697 1087 1179 1138 presumptuosorum.

439 1147 538 1202 [16.]
561 1149 752 1205 Moyses
786 1149 954 1205 itaque,
986 1149 1296 1191 multitudinis
1329 1163 1567 1191 murmure
1600 1155 1769 1199 motus,
1802 1151 1866 1192 sic
1899 1151 2058 1207 inquit:

374 1206 567 1257 Audite³
598 1214 681 1257 filii
712 1215 958 1272 prolesque
989 1215 1284 1258 sacerdotalis
1316 1216 1438 1258 Leui.
1469 1217 1599 1258 Num
1630 1231 1796 1273 parum
1825 1216 1959 1259 vobis
1989 1222 2059 1259 est

374 1281 502 1338 quod
527 1282 653 1324 Deus
677 1281 735 1324 ab
757 1283 886 1324 omni
908 1282 1086 1339 populo
1109 1297 1195 1324 vos
1218 1284 1512 1339 separauerit,
1535 1283 1713 1340 sibique
1735 1284 1800 1326 sic
1823 1289 2058 1340 separatos

374 1349 630 1405 specialiter
661 1349 985 1391 adlaterauerit
1016 1355 1067 1391 ut
1098 1350 1147 1391 in
1176 1349 1303 1391 cultu
1335 1350 1613 1392 tabernaculi
1643 1351 1894 1392 seruientes
1925 1351 2058 1407 eique

374 1430 531 1458 coram
551 1415 814 1472 frequencia
835 1416 998 1473 populi
1019 1417 1328 1458 ministrantes
1350 1418 1553 1458 staretis?
1575 1417 1818 1474 Numquid
1840 1417 1901 1459 ad
1922 1431 1973 1459 se
1993 1418 2057 1459 sic

375 1484 612 1525 accersiuit
642 1488 694 1525 ut
723 1483 857 1525 vobis
888 1484 1035 1525 eciam
1065 1483 1383 1526 sacerdocium
1412 1484 1716 1526 vendicaretis
1747 1484 2059 1541 globatimque

373 1555 532 1591 contra
558 1550 805 1592 dominum
830 1551 1034 1592 staretis?
1061 1551 1355 1607 Demumque
1380 1552 1583 1607 Moyses,
1607 1552 1781 1593 vocatis
1806 1551 1990 1593 Dathan
2013 1557 2059 1593 et

373 1616 564 1666 Abiron,
601 1618 701 1659 eius
738 1622 783 1659 et
821 1617 882 1659 ad
920 1618 1206 1674 presenciam
1242 1619 1399 1659 venire
1436 1618 1602 1660 stolide
1638 1619 2058 1675 contumaciterque

374 1683 747 1733 detrectantibus,
763 1683 878 1726 dixit
894 1684 955 1726 ad
972 1684 1136 1726 Chore:
1153 1685 1222 1726 Tu
1238 1690 1425 1741 totaque
1440 1686 1659 1741 cognacio
1675 1690 1754 1727 tua
1770 1690 1886 1727 state
1900 1698 2057 1727 coram

375 1750 582 1800 domino,
606 1756 694 1793 stet
717 1756 762 1793 et
786 1752 946 1793 Aaron
982 1751 1071 1807 Ι9Ἴ
1108 1753 1355 1808 separatim
1380 1751 1456 1793 die
1479 1753 1689 1794 crastino.
1713 1753 1777 1794 Sit
1801 1757 1846 1794 et
1870 1757 2058 1794 tuorum

373 1819 569 1874 quisque
582 1823 969 1874 congregatorum
982 1832 1084 1867 suo,
1098 1833 1277 1875 suoque
1290 1819 1348 1860 sit
1361 1824 1406 1860 et
1420 1820 1579 1860 Aaron
1590 1820 1870 1875 compotitus
1885 1818 2058 1860 turibu-

374 1883 432 1933 lo,
450 1898 544 1940 quo
562 1899 704 1941 super
720 1885 923 1941 inposito
941 1884 1273 1941 subsequenter
1291 1886 1491 1934 incenso,
1508 1884 1942 1942 compromptificati
1959 1885 2057 1927 sitis

374 1951 636 1993 thurificare
664 1951 870 1994 domino.
898 1951 1198 2008 Tandemque
1224 1953 1384 1994 ceteris
1413 1966 1439 1994 a
1467 1957 1562 1994 tam
1590 1957 2057 2009 presumptuosorum

373 2023 477 2060 cetu
505 2032 649 2060 suasu
677 2019 918 2075 Moysaico
946 2020 1168 2075 separatis
1197 2020 1517 2075 remociusque
1545 2020 1748 2068 semotis,
1776 2032 1864 2061 suo
1890 2019 2056 2075 Moyse

373 2099 503 2127 more
515 2091 738 2127 consueto
751 2085 1061 2127 multitudinis
1074 2085 1307 2128 humiliter
1319 2086 1380 2127 ad
1393 2087 1738 2128 vniuersitatem
1750 2086 2057 2128 sermocinan-

374 2157 431 2201 te,
449 2157 567 2194 terra
586 2152 828 2194 dehiscens
847 2158 1317 2209 presumptuosorum
1334 2152 1422 2194 sub
1439 2153 1637 2209 pedibus
1656 2152 1842 2210 dirupta
1858 2152 1986 2194 velut
2002 2166 2056 2194 os

373 2221 583 2277 aperiens
602 2225 697 2262 tam
715 2225 1011 2262 contumaces
1029 2225 1074 2262 et
1093 2220 1153 2262 ad
1172 2234 1252 2262 eos
1271 2221 1548 2277 pertinencia
1567 2220 1811 2277 deglutiuit
1828 2221 2056 2262 vniuersa.

373 2288 607 2330 Ducentos
622 2302 735 2330 uero
750 2288 1175 2345 quinquagintaque
1188 2289 1314 2330 viros
1329 2289 1425 2330 suis
1440 2302 1652 2345 egressus
1667 2289 1784 2345 ignis
1799 2287 2057 2345 absumpsit

374 2355 562 2398 diuinus
581 2355 824 2398 thuribulis
841 2357 1135 2413 compotitos,
1152 2355 1268 2398 dum
1285 2355 1451 2405 Chore,
1467 2356 1663 2405 Dathan,
1679 2356 1789 2398 Hon
1804 2361 1848 2398 et
1865 2355 2058 2412 Abyron

373 2428 491 2465 terra
510 2437 653 2465 vorax
672 2424 809 2466 viuos
829 2424 1012 2466 vorauit
1032 2423 1367 2466 inexorabiliter
1386 2423 1753 2480 dampnificatos.

437 2490 532 2545 [17.]
554 2491 694 2547 Atqui
713 2504 807 2532 non
827 2483 1041 2533 multum⁴
1062 2491 1287 2533 remissior
1307 2491 1520 2532 miciorue
1540 2491 1688 2532 Chore
1707 2495 1810 2547 post
1830 2491 2055 2532 interitum

373 2557 550 2614 sibique
561 2563 656 2600 tam
668 2559 906 2600 temerarie
916 2559 1314 2600 consenciencium
1325 2558 1632 2600 multitudinis
1644 2571 1855 2600 murmur
1863 2571 2056 2614 sequen-

373 2625 406 2666 ti
424 2624 500 2667 die
517 2630 676 2667 contra
693 2626 894 2681 Moysen
909 2630 954 2667 et
971 2626 1131 2667 Aaron
1147 2630 1328 2667 motum
1347 2625 1599 2667 diuinitatis
1617 2630 1685 2667 est
1703 2624 1823 2666 ulcio
1841 2624 2057 2666 subsecu-

373 2697 430 2733 ta.
448 2691 686 2748 Popularis
704 2706 873 2748 nempe
889 2693 1169 2733 conueniens
1187 2691 1288 2733 luce
1305 2691 1555 2733 multitudo
1572 2692 1750 2733 causari
1766 2704 2055 2733 murmuran-

446 2924 456 2945 ¹
474 2928 745 2974 quinquaginta
766 2928 918 2974 Vulgare,
933 2928 1179 2974 quadraginta
1197 2929 1220 2962 S
1239 2928 1301 2974 (Cf.
1318 2929 1417 2962 2254
1436 2928 1561 2969 below.)

445 2979 458 3001 ²
474 2995 619 3019 necnon
635 2990 671 3019 et
687 2985 735 3019 ed.

444 3034 459 3056 ³
474 3041 604 3075 Auditi
622 3042 645 3075 S

444 3090 458 3112 ⁴
474 3097 611 3131 multos
629 3098 651 3131 S
