2158 3366
258 554 308 579 190

257 890 307 914 195

255 1224 306 1249 200

255 1559 305 1584 205

253 1894 303 1919 210

252 2231 302 2257 215

251 2568 301 2593 220

372 139 430 179 66
567 147 754 180 SERIUM
776 148 1082 181 SENECTUTIS

373 271 489 312 dum
507 271 631 313 filius
650 272 764 313 Nun
779 273 929 324 Josue,
948 272 1216 329 Calephque
1234 273 1357 315 filius
1376 274 1590 330 Iephone,
1608 276 1688 331 qui
1705 289 1813 317 cum
1831 277 1991 318 ceteris
2009 282 2055 318 et

372 338 460 393 ipsi
501 338 883 395 precontemplati
923 338 1052 380 fuere
1092 344 1274 388 terram,
1313 341 1695 383 vestimentorum
1736 356 1818 398 per
1857 343 2054 385 cissuras

371 404 774 461 multitudinisque
790 419 1086 447 murmurum
1103 406 1340 462 popularis
1357 421 1440 463 per
1455 407 1798 450 mitificaciones
1815 409 2054 451 incircum-

370 471 581 513 uenibilis
606 472 753 513 eciam
776 471 999 514 arbitrarii
1023 472 1188 514 iudicis
1212 473 1512 529 absoluteque
1535 474 1708 516 licentis
1733 476 1926 531 gratiam
1949 489 2055 532 pro-

371 551 593 587 meruere,
633 543 850 595 tantaque
890 543 1014 580 tante
1053 540 1196 596 gratia
1236 540 1378 596 gratie
1416 540 1706 597 perhenniter
1745 543 2054 598 permanentis

370 606 528 646 viuere
541 606 687 647 visuri
701 611 870 647 terram
882 607 1120 663 vitamque
1134 606 1292 648 diuine
1306 608 1624 664 promissionis
1639 609 2054 666 perpetualiterque

371 672 656 721 duraturam,
669 672 1002 730 pulchramque
1014 687 1109 715 non
1120 674 1274 716 minus
1286 688 1427 731 quam
1439 674 1758 731 pollucibiliter
1769 675 2054 719 fructuosam

370 753 570 796 superne
585 739 830 796 planiciem
845 740 1204 797 pollicitacionis.
1220 742 1426 798 Suntque
1441 743 1577 784 ceteri
1593 747 1709 784 terre
1724 743 2054 800 contemplato-

370 820 442 847 res
474 806 534 848 ad
565 812 712 848 castra
743 808 916 849 reuersi
946 807 1285 864 voluntariique
1315 808 1593 850 detractores
1623 809 1835 852 eiusdem
1863 809 1978 852 viles
2008 815 2053 852 et

370 873 728 923 mendacissimi}
743 875 1024 916 sentenciam
1040 875 1125 917 Dei
1141 876 1308 917 seriam
1323 875 1582 918 secundum
1597 877 1776 926 seriem,
1791 882 2053 933 presenten-

369 941 622 997 ciantisque
647 941 907 983 secundum
932 956 1085 984 scema
1110 943 1336 984 sermonis
1360 943 1577 992 vniuersi,
1602 949 1710 986 sunt
1733 944 1782 986 in
1804 943 2054 987 solitudine

369 1007 549 1064 sepulti.
577 1008 648 1049 Sic
675 1009 829 1064 itaque
856 1009 1147 1050 meritissime
1175 1009 1492 1066 dampnificati
1517 1011 1614 1052 suis
1641 1024 1727 1067 pro
1753 1010 2053 1068 multiloquiis

382 1073 471 1130 {SV}
504 1074 947 1131 mendaciorumque
968 1081 1035 1117 tot
1056 1077 1284 1132 tantisque
1304 1076 1562 1132 profluuiis,
1582 1077 1875 1120 desiderabili
1894 1077 2053 1120 diuine

369 1142 689 1197 promissionis
712 1156 739 1183 a
761 1142 1116 1198 participacione
1138 1148 1245 1184 sunt
1267 1142 1403 1199 longe
1424 1144 1603 1193 semoti,
1624 1143 1707 1186 sed
1730 1149 1774 1186 et
1796 1145 1924 1186 omni
1945 1149 2053 1186 sunt

368 1209 467 1249 eius
495 1209 686 1250 omnino
714 1210 933 1265 porcione
960 1209 1179 1251 destituti.
1207 1210 1318 1251 Non
1343 1210 1459 1252 bene
1486 1211 1614 1267 gnari
1641 1210 1768 1267 quod
1797 1211 2054 1254 miserabile

368 1289 463 1317 non
483 1276 638 1317 minus
659 1290 801 1332 quam
823 1276 1147 1318 subsannabile
1168 1277 1226 1318 sit
1245 1278 1518 1319 exercicium
1539 1277 1821 1334 perhennem
1841 1278 1927 1320 sibi
1947 1292 2052 1336 pro-

367 1357 526 1385 curare
547 1344 770 1385 iacturam
790 1343 888 1385 sola
908 1345 1337 1386 commenticiorum
1357 1359 1569 1401 vanaque
1589 1345 1906 1402 superfluitate
1925 1360 2052 1388 men·

368 1410 609 1452 daciorum
629 1410 715 1452 sibi
735 1410 799 1452 nil
818 1412 1010 1453 omnino
1030 1412 1117 1453 nisi
1138 1411 1378 1453 dumtaxat
1397 1417 1447 1453 vt
1467 1412 1671 1454 officiant
1689 1412 2023 1455 collatiuorum.

431 1476 530 1530 [14.]
554 1477 749 1519 Triuiale
769 1477 962 1533 quidem
982 1479 1232 1534 tritumque
1253 1478 1435 1534 pridem
1455 1478 1541 1520 fuit
1560 1484 1605 1520 et
1625 1479 1777 1521 adhuc
1797 1484 1867 1521 est
1886 1480 1935 1522 in
1953 1479 2052 1522 udo

367 1543 668 1599 prouerbium
688 1543 816 1600 quod
837 1544 1072 1586 esculento
1093 1544 1183 1586 frui
1203 1545 1511 1601 poculentoue
1530 1546 1682 1602 quiuis
1702 1551 1771 1588 est
1791 1545 2052 1602 indignissi-

367 1624 472 1651 mus
486 1610 615 1666 quod
630 1610 783 1652 verbis
797 1612 1131 1667 presumpserit
1145 1612 1491 1668 preuituperare
1503 1613 1848 1662 commenticiis,
1861 1613 2051 1656 seriisue

366 1691 462 1718 non
475 1677 708 1719 erubuerit
723 1678 993 1734 preculpare
1008 1678 1312 1727 sermonibus,
1326 1678 1501 1720 wltuue
1515 1679 1591 1720 uel
1605 1679 1747 1721 verbo
1761 1679 2050 1736 prefastidire

366 1743 442 1785 uel
469 1744 685 1800 gestibus.
713 1745 777 1786 Eo
804 1744 996 1801 quidem
1022 1746 1175 1801 quiuis
1202 1746 1306 1801 ipso
1332 1745 1459 1801 quod
1488 1747 1699 1802 apposita
1725 1746 1812 1788 sibi
1836 1746 2051 1789 victualia

365 1812 597 1866 vituperat
613 1811 789 1853 wltuue
806 1811 995 1861 fastidit,
1012 1813 1111 1853 eius
1128 1817 1173 1853 et
1190 1812 1248 1854 ab
1263 1826 1354 1854 usu
1370 1826 1420 1854 se
1436 1813 1500 1854 sic
1517 1818 1561 1854 et
1578 1813 1636 1854 ab
1652 1827 1735 1855 esu
1752 1813 2050 1855 subsannabi-

366 1877 466 1919 liter
485 1877 699 1920 excludit.
721 1879 806 1920 Par
825 1879 963 1935 igitur
983 1893 1084 1920 esse
1104 1879 1290 1921 videtur
1309 1880 1589 1936 equitatique
1607 1881 1886 1922 conveniens
1906 1880 2051 1922 mani-

365 1944 611 1987 festissime
649 1945 778 2002 quod
817 1947 1138 1988 commenticia
1177 1948 1496 2003 promissionis
1535 1948 1583 1989 in
1619 1948 1962 2004 vituperacione
2000 1961 2050 1989 se

365 2018 751 2055 commentatores
780 2018 875 2055 tam
903 2014 1130 2056 temerarii
1157 2013 1391 2056 fructuose
1418 2013 1628 2056 funditus
1655 2014 1927 2057 excluserint
1955 2019 2049 2057 tam

365 2081 572 2136 preciosa
594 2086 689 2122 tam
710 2082 906 2137 preciosi
926 2082 1221 2138 promissoris
1242 2095 1268 2123 a
1290 2083 1610 2138 promissione,
1629 2096 1723 2139 quo
1743 2082 1908 2124 iudicis
1929 2081 2049 2124 adeo

365 2149 535 2190 sensati
562 2149 793 2190 sentencia
820 2150 1015 2191 racionis
1043 2150 1348 2206 equitatisque
1374 2149 1519 2206 podio
1546 2155 1759 2206 statuque
1786 2149 1936 2192 stabili
1962 2155 2050 2192 stet

364 2215 728 2258 coniecturaliter
771 2217 918 2258 eciam
963 2216 1254 2273 subpodiata.
1300 2217 1667 2274 Uerumptamen
1710 2217 1830 2260 adeo
1874 2216 2048 2260 licentis

364 2284 688 2325 examinatoris
710 2284 758 2325 in
780 2283 994 2326 tribunali
1013 2283 1088 2326 vel
1109 2284 1281 2326 iudicio
1302 2285 1560 2326 coniecture
1581 2284 1709 2326 locus
1731 2298 1826 2326 non
1845 2290 1928 2334 est,
1948 2298 2049 2342 pre-

364 2351 701 2407 sumpcioniue,
723 2350 799 2393 uel
823 2350 1114 2408 allegacionis
1137 2352 1273 2393 nitori
1296 2351 1372 2393 uel
1395 2351 1617 2401 subsidio,
1640 2351 1723 2394 sed
1747 2365 1830 2394 nec
1854 2352 2047 2394 racionis

364 2418 603 2460 extrinsice
628 2432 711 2460 nec
737 2419 950 2475 equitatis
977 2418 1235 2461 aduenticie
1260 2411 1642 2476 subpodiacioni,¹
1670 2433 1752 2461 nec
1778 2419 2048 2461 iniuriarum

363 2485 810 2527 contumeliarumue
830 2485 906 2527 uel
926 2485 1143 2528 fauorum
1164 2485 1403 2535 lenocinio,
1423 2485 1776 2528 refutacionisue
1796 2485 1871 2528 uel
1891 2485 2048 2543 appel-

363 2551 551 2593 lacionis
568 2552 789 2602 remedio,
805 2552 907 2594 licet
923 2554 971 2595 in
985 2566 1041 2594 eo
1057 2567 1167 2609 sepe
1182 2553 1337 2595 locum
1352 2554 1574 2595 sorciatur
1589 2554 1776 2603 sincera,
1792 2553 1987 2610 supplex
2002 2558 2047 2595 et

363 2619 535 2661 intenta
556 2633 665 2675 sup·
680 2619 743 2675 19Γ
757 2620 764 2675 Ι
778 2619 982 2676 plicacio.

427 2685 526 2740 [15.]
550 2686 823 2728 Litterarum
858 2692 1064 2743 preterea
1100 2686 1266 2729 studiis
1302 2687 1590 2744 pertinaciter
1625 2686 1966 2744 invigilantibus
2001 2691 2046 2728 et

363 2753 528 2803 Chore,
565 2753 853 2810 Dathanque,
889 2768 1069 2796 necnon
1104 2759 1148 2796 et
1185 2755 1295 2796 Hon
1328 2759 1373 2796 et
1408 2754 1612 2811 Abyron,
1649 2754 2047 2811 ducentorumque

435 3088 445 3109 ¹
464 3093 762 3139 subpodiacioni]
780 3094 1037 3140 subpoditario
1053 3095 1088 3134 S,
1104 3094 1384 3140 subpodiatorio
1400 3094 1437 3128 S‘
