2132 3346
268 298 303 323 35

268 966 303 991 45

269 1637 303 1662 55

270 2307 304 2332 65

270 2644 304 2668 70

364 149 454 190 182
590 157 778 190 SERIUM
799 156 1105 190 SENECTUTIS

364 295 412 323 re
444 281 632 330 vadam,
665 282 809 338 siquis
842 286 894 323 ut
926 273 1163 322 inferatur¹
1196 285 1398 322 recenter
1431 282 1623 330 occisus,
1655 280 1731 322 uel
1762 282 1908 322 eciam
1940 286 2047 338 post

364 347 652 404 aliquatenus
672 353 946 404 protensum
965 353 1150 404 tempus
1170 348 1313 389 iaceat
1331 347 1407 389 uel
1426 348 1475 389 in
1492 347 1606 397 solo,
1625 348 1665 389 si
1683 348 1910 404 perempti
1928 347 2046 389 forte

363 414 605 457 casualiter
619 414 696 457 uel
710 428 765 457 ex
781 405 1042 471 proposito²
1057 413 1273 456 cadaueri
1288 419 1553 471 peremptor
1568 414 1974 471 apropinquauerit
1989 413 2048 456 ab

365 481 653 539 aliquatenus
667 482 856 524 remotis
870 482 1031 531 eciam!
1045 482 1200 523 sonitu
1213 481 1368 523 statim
1381 495 1489 523 cum
1503 480 1792 523 tumultuoso
1806 481 2046 538 saguinem

364 549 566 591 rutilabit
593 549 807 599 cadauer,
836 549 982 590 eciam
1010 549 1050 590 si
1077 549 1171 590 iam
1198 547 1336 590 fuerit
1365 548 1433 605 (ut
1460 548 1530 604 fit)
1560 547 1891 605 infrigidatum,
1918 547 2046 605 quod

365 621 533 665 tamenl
554 621 606 658 ut
626 621 671 658 et
692 620 1064 658 commentantur
1083 620 1128 657 et
1149 615 1413 671 sompniare
1434 620 1596 671 parant
1616 614 1894 657 fabulatores
1914 615 2048 657 vitrei

364 682 722 740 philosophique
739 682 996 739 phisicales'
1011 681 1216 739 quadam
1233 683 1414 724 racione
1430 695 1571 738 quam
1587 681 1769 738 fingunt
1785 682 2048 738 contingere

365 749 641 806 profitentur
659 754 704 791 et
723 754 945 791 asserunt.
965 750 1111 791 Aiunt
1129 749 1266 798 eniml
1285 748 1368 791 sed
1389 753 1544 790 tamen
1561 753 1613 790 ut
1631 748 1770 790 michi
1787 747 2048 805 frequenter

363 807 542 858 videre³
568 816 734 858 videor
759 829 855 857 non
881 815 1172 872 ineleganter,
1197 815 1326 871 quod
1353 815 1541 856 homine
1567 820 1808 871 perempto
1834 815 2047 871 zinzugia

364 882 568 939 quedam
584 883 804 939 (spiritus,
817 882 999 931 scilicet,
1013 883 1093 938 qui
1105 882 1331 923 contraria
1345 881 1442 923 duo
1455 881 1531 923 uel
1545 882 1706 938 pocius
1720 882 1935 938 opposita
1948 882 2047 922 sine

365 949 522 991 medio
546 949 666 991 male
688 948 1014 1005 coniungibilia
1036 940 1308 1004 coniungit4)
1332 949 1538 1004 positum
1560 947 1674 1004 quid
1696 947 1970 990 contrahens
1991 961 2047 990 ex

364 1022 562 1073 utroque
575 1017 634 1058 sit
647 1015 859 1057 medium
872 1016 971 1057 sine
985 1015 1391 1071 medio—quidem
1405 1014 1565 1056 stabile
1578 1028 1681 1056 raro
1695 1015 1919 1071 reperitur
1931 1015 2048 1056 inter

365 1084 580 1140 opposita
605 1082 1067 1139 sodalicium—quod
1091 1096 1146 1124 ex
1171 1081 1340 1124 affectu
1364 1087 1605 1138 perempto
1630 1095 1871 1123 remanens
1895 1080 2047 1123 adhuc

364 1164 472 1192 cum
507 1164 701 1206 corpore
735 1150 991 1206 saguinem,
1025 1150 1105 1205 qui
1139 1163 1323 1205 semper
1356 1150 1662 1190 amicissimus
1697 1149 1739 1190 ei
1771 1148 1872 1197 fuit,
1904 1147 2047 1190 velud

365 1217 688 1273 indignacione
700 1216 776 1258 uel
789 1217 854 1258 ire
867 1221 999 1258 motu
1012 1221 1194 1258 motum
1207 1221 1379 1264 mouetl
1391 1215 1560 1272 talique
1573 1216 1755 1257 racione
1768 1214 2049 1271 subsequen-

365 1289 433 1326 ter
452 1289 608 1326 motus
628 1288 824 1325 emanat.

429 1350 500 1405 [3.]
522 1352 593 1393 Sic
627 1365 738 1407 ergo
772 1351 889 1393 sicut
924 1350 1235 1392 mediatorum
1271 1349 1580 1406 (corruptibile
1613 1349 1826 1392 videlicet
1859 1349 2046 1405 corpus)

365 1418 561 1461 alterum
575 1423 781 1460 remanet
795 1423 840 1460 et
854 1418 1166 1475 corrumpitur
1180 1423 1232 1459 ut
1247 1418 1591 1474 temporarium,
1606 1417 1670 1459 sic
1685 1416 1880 1458 alterum
1896 1416 2048 1473 (vege-

365 1491 466 1528 tans
484 1485 699 1528 videlicet
717 1491 762 1527 et
779 1486 945 1527 viuens
964 1485 1134 1541 anima)
1154 1485 1277 1527 necis
1296 1490 1365 1526 est
1382 1485 1492 1526 citra
1511 1485 1724 1526 timorem
1741 1483 1817 1526 uel
1834 1484 2048 1526 iniuriam

366 1553 587 1595 duratura
610 1552 890 1609 feliciterque
911 1553 1088 1594 victura
1111 1553 1150 1594 si
1171 1552 1287 1594 bene
1309 1552 1525 1594 meruerit
1546 1552 1595 1593 in
1615 1556 1905 1608 perpetuum.
1927 1550 2048 1602 Quia

365 1620 503 1662 nichil
519 1621 705 1676 proprie
721 1620 833 1661 iuris
849 1619 986 1661 habet
1001 1620 1050 1661 in
1064 1633 1113 1660 re
1129 1633 1254 1660 mors
1284 1618 1380 1675 148ν
1394 1620 1401 1674 Ι
1429 1619 1697 1674 incorporea
1713 1617 1799 1659 sibi
1815 1617 2049 1674 genialiter

365 1701 392 1728 a
418 1687 568 1728 Genio
597 1687 802 1743 genitore
829 1699 1116 1735 concessum!
1145 1686 1385 1742 presertim
1413 1699 1521 1726 cum
1549 1698 1674 1726 mors
1702 1698 1756 1726 ex
1785 1685 1858 1725 sui
1885 1688 2048 1725 natura

365 1753 493 1795 nullo
515 1754 756 1810 peruenire
777 1752 922 1795 modo
945 1753 1092 1808 possit
1112 1751 1172 1794 ad
1194 1753 1530 1808 incorporeum.
1552 1752 1726 1793 Reuera
1747 1749 1875 1807 quod
1897 1750 2049 1792 anime

365 1821 423 1862 sit
451 1819 621 1861 animal
649 1819 792 1861 homo
820 1819 908 1861 sub
935 1819 1032 1860 sole
1060 1819 1213 1860 solum
1240 1818 1382 1860 velud
1411 1819 1527 1860 inter
1554 1817 1767 1859 animalia
1794 1816 2049 1873 specialiter

365 1886 689 1928 inmortalitate
705 1885 1062 1942 priuilegiatum,
1077 1886 1280 1927 veritatis
1296 1884 1470 1926 accedit
1486 1884 1546 1926 ad
1562 1884 1842 1925 soliditatem
1857 1883 1951 1925 fere
1966 1896 2049 1940 per

365 1952 613 1995 infinitates
634 1957 1028 2009 argumentorum,
1048 1965 1144 1993 non
1163 1952 1251 1993 nisi
1271 1965 1353 2008 per
1373 1951 1687 2007 improbitates
1708 1949 2048 1992 inficiacionum

366 2019 426 2062 de
448 2019 569 2062 facto
593 2019 835 2062 dumtaxat
856 2018 1155 2061 irritabilium.
1178 2018 1385 2061 Profecto
1407 2017 1519 2060 fidei
1540 2017 1616 2059 uel
1637 2022 1758 2059 secte
1779 2016 1980 2073 qualibet
2001 2017 2050 2059 in

365 2088 662 2129 vniuersitate
692 2087 908 2144 frequens
939 2092 1008 2128 est
1038 2091 1083 2128 et
1113 2087 1246 2143 quasi
1276 2085 1566 2127 diouolaliter
1595 2084 1756 2127 vsuale
1786 2085 2047 2140 tritumque:

366 2154 738 2197 dubitacionibus
766 2155 957 2197 omnino
986 2153 1168 2210 longius
1196 2153 1453 2202 eliminatis,
1481 2153 1632 2195 anime
1660 2151 1976 2209 perpetuitatis
2003 2155 2048 2193 et

365 2222 702 2264 inmortalitatis
745 2222 948 2264 humane
991 2221 1169 2263 diutina
1211 2221 1467 2263 sinceritate
1508 2220 1738 2276 religionis
1781 2218 2048 2276 approbata,

366 2290 526 2346 primis
544 2290 690 2331 eciam
707 2290 900 2331 veniunt
917 2289 966 2331 in
982 2288 1233 2330 luminibus
1251 2287 1439 2330 obuiam
1457 2287 1714 2329 racionibus
1732 2286 1891 2328 crebro
1907 2286 2048 2328 comi-

366 2362 458 2399 tata
477 2356 821 2399 verisimillimis
842 2361 1124 2413 argumenta.

430 2424 501 2479 [4.]
523 2425 593 2467 Sic
622 2425 760 2481 igitur
789 2425 837 2466 in
865 2425 1040 2481 primis,
1068 2424 1176 2480 quia
1204 2424 1268 2465 sic
1297 2413 1436 2472 libet,5
1465 2421 1682 2479 progredi
1710 2434 1958 2478 pergamus
1987 2419 2047 2462 ad

366 2493 623 2549 antiquiora
645 2506 736 2549 que
757 2492 867 2534 viris
890 2506 917 2533 a
938 2490 1274 2533 venerabilibus
1297 2495 1341 2532 et
1363 2491 1411 2532 in
1431 2494 1659 2532 vetustate
1680 2488 1913 2531 fidelitatis
1935 2493 1980 2530 et
2001 2488 2050 2530 in

365 2560 627 2601 constancia
639 2560 992 2615 reuerenciaque
1002 2559 1256 2600 venustatis
1269 2562 1529 2599 asserantur
1540 2557 1659 2598 serio
1671 2556 1731 2598 de
1741 2555 1987 2612 prelibatiS,
1997 2559 2049 2596 ut

365 2632 410 2668 et
425 2626 484 2668 ab
498 2627 563 2668 eis
580 2625 815 2668 actualiter
830 2626 1028 2682 expertis
1043 2630 1088 2666 et
1104 2625 1152 2666 in
1165 2625 1421 2666 sinceritate
1435 2624 1638 2665 veritatis
1653 2622 1868 2665 firmitate
1882 2621 2048 2664 funda-

439 2869 450 2892 ¹
469 2875 644 2910 inferetur
659 2876 682 2910 S

439 2925 452 2948 ²
467 2941 511 2965 ex
528 2930 731 2977 proposito]
748 2929 984 2976 exproposito
1001 2930 1023 2963 S

438 2981 453 3004 ³
468 2987 596 3021 videre
612 2988 646 3027 S,
662 2986 809 3030 viderfi]
828 2986 865 3020 5⁶

438 3037 452 3059 ⁴
467 3043 660 3089 coniungit
675 3043 724 3077 ed.

438 3093 453 3116 ⁵
469 3101 492 3134 S
508 3100 559 3134 ad.
577 3110 654 3146 quo
669 3099 774 3145 before
790 3098 963 3145 progredi
