2132 3346
266 1434 301 1459 10

267 1770 301 1795 15

268 2104 302 2130 20

360 147 449 188 146
586 154 774 188 SERIUM
795 153 1100 188 SENECTUTIS

361 285 548 335 tamque
566 278 808 321 salubriter
824 278 1090 334 expediens,
1107 283 1153 320 et
1171 277 1232 320 ad
1250 278 1477 320 vniuersis
1496 277 1809 320 indifferenter
1826 277 1935 320 vtile
1953 277 2042 319 sub

360 345 458 388 sole
489 345 770 402 spirantibus
800 344 1233 393 consociandorum,
1264 345 1492 386 remocius
1524 344 1773 385 amandato
1805 357 2042 386 murmure

360 413 528 470 quouis
547 417 592 454 et
611 412 913 469 aggaricione,
932 410 1213 468 paupercula
1231 410 1429 467 rudique
1447 425 1638 467 pergam
1655 411 1873 467 prosequi
1891 424 2043 467 penna

361 478 697 522 matrimoniale
715 479 1021 521 consorcium.

947 673 1125 722 LIBER
1153 671 1460 732 QUINTUS¹

361 815 569 872 Qvisque
589 815 725 864 scius,
744 805 844 871 qui²
863 814 978 856 scire
997 814 1131 870 sapit,
1150 813 1225 855 cui
1244 827 1375 855 mens
1395 827 1506 855 sana
1526 826 1692 854 sanum

421 882 588 924 Viuere
609 881 703 931 dat,
722 881 897 938 liguam
917 885 1141 937 temperet
1159 894 1308 937 usque
1327 894 1473 922 suam:

361 950 504 1005 Ligua
524 962 708 1005 procax,
727 948 980 1004 leuiterque
999 947 1193 1004 loquens
1213 961 1280 996 os,
1300 946 1516 1003 labraque
1535 946 1643 988 loris

422 1015 583 1072 Indiga
601 1016 679 1057 vix
698 1014 881 1057 validos
902 1015 1138 1056 instituere
1156 1015 1295 1056 viros.

361 1082 594 1124 Verbosus
614 1082 686 1124 vir
704 1095 808 1123 sero
828 1095 939 1123 suos
960 1080 1076 1122 bene
1096 1080 1261 1137 diriget
1281 1085 1423 1129 actus;

421 1149 539 1205 Sepe
558 1163 698 1190 suum
718 1147 886 1190 stolide
906 1146 1193 1204 precipitabit
1212 1161 1347 1203 opus5

362 1216 504 1272 Ligua
524 1229 610 1257 sua
629 1229 679 1257 se
698 1214 786 1256 sibi
805 1228 916 1270 sepe
934 1227 1105 1256 nocens
1126 1213 1345 1255 odiosum

422 1282 475 1324 Et
495 1281 581 1324 sibi
600 1281 811 1323 conviuis
832 1280 1004 1323 lubrica
1024 1280 1148 1337 ligua
1167 1279 1286 1322 facit.

362 1350 504 1406 Ligua
524 1362 812 1406 supervacue
832 1347 989 1390 stolidi
1009 1361 1094 1389 sua
1113 1361 1224 1404 sepe
1243 1346 1423 1403 loquaci

423 1417 500 1459 Est
519 1422 564 1458 et
584 1416 645 1458 ad
666 1416 901 1458 interitum
920 1429 1059 1457 causa
1079 1414 1279 1471 maligna
1300 1413 1420 1456 mali:

362 1485 460 1527 Hec
480 1483 666 1526 Zambri
684 1483 802 1525 bene
821 1483 952 1525 nouit
972 1496 1106 1524 arans
1126 1483 1174 1524 in
1192 1482 1387 1538 coniuge
1407 1481 1558 1530 stulta,

422 1551 596 1593 Stultus
617 1556 662 1593 et
681 1551 730 1592 in
748 1549 863 1592 ludo
883 1549 1060 1592 ludicra
1080 1549 1168 1591 leta
1188 1549 1333 1598 luens,
1366 1547 1477 1604 '37¹1

362 1619 488 1661 Dum
508 1618 682 1675 probus
703 1618 959 1674 insequitur
979 1616 1202 1659 stolidum
1222 1616 1495 1673 perimitque
1515 1614 1751 1672 petulcum

422 1687 502 1727 Vir
521 1685 712 1727 Phinees
732 1685 882 1741 legem
902 1683 1199 1740 zelotipando
1218 1697 1366 1732 suam,

362 1753 580 1809 Dumque
600 1766 685 1794 sua
705 1751 902 1809 speciale
922 1751 1008 1793 sibi
1028 1750 1254 1808 probitate
1274 1749 1526 1807 perhennat

393 1847 396 1854 ·
423 1820 612 1862 Nomen
629 1825 674 1861 et
694 1823 869 1860 eternat
889 1817 1155 1875 perpetuale
1176 1817 1331 1859 decus.

363 1886 507 1943 quue
527 1886 711 1928 Dathan
729 1885 1013 1942 Abyronque
1033 1884 1172 1926 simul
1191 1897 1374 1926 sensere
1393 1883 1592 1940 superbi,

423 1955 550 1995 Dum
569 1953 737 1995 stolide
755 1953 950 2009 cupiunt
970 1951 1231 1993 thurificare
1250 1951 1361 1992 Deo.

362 2021 510 2062 Sensit
530 2020 657 2062 idem
676 2020 825 2061 Maria
845 2033 1014 2075 procax
1035 2019 1083 2060 in
1102 2031 1339 2060 murmure
1360 2022 1502 2066 moto,

424 2088 475 2129 In
493 2088 694 2144 Moysen
711 2087 891 2143 Moysis
911 2086 1024 2127 haut
1042 2085 1159 2127 bene
1179 2090 1304 2126 mota
1324 2097 1468 2133 soror,

363 2155 489 2197 Dum
509 2154 629 2196 male
649 2158 938 2196 muscantem
958 2153 1105 2194 liuens
1126 2152 1252 2209 lepra
1272 2150 1441 2208 prodit,
1460 2156 1504 2192 et
1524 2150 1652 2192 albor

424 2222 590 2278 Arguit
610 2226 839 2263 errantem
859 2220 1032 2276 detegit
1051 2224 1188 2276 atque
1208 2218 1349 2261 nefas.

364 2290 545 2332 Excitus
565 2288 651 2339 his,
670 2289 844 2331 vicium
863 2287 1047 2330 validus
1067 2287 1139 2330 vir
1159 2286 1432 2344 garrulitatis

424 2357 615 2400 Nisibus
636 2357 826 2399 intensis
847 2361 996 2398 arceat
1017 2369 1155 2398 omne
1175 2354 1348 2412 procul.

428 2492 499 2547 [1.]
523 2494 663 2535 Porro
687 2496 936 2549 postquam
960 2491 1066 2533 talia
1089 2495 1288 2532 scemate
1311 2488 1710 2531 sermocinacionis
1735 2478 1848 2529 tam³
1871 2485 2046 2528 diffuso

365 2566 552 2617 tamque
574 2573 762 2602 moroso
784 2559 876 2601 mei
898 2559 1172 2615 procacitate
1194 2556 1366 2599 sodalis
1389 2556 1449 2598 ad
1472 2555 1519 2597 id
1542 2556 1753 2597 incitatus
1775 2553 2047 2610 proteruiter

364 2627 639 2676 effuderam,
662 2640 766 2668 mea
788 2626 916 2668 velut
939 2624 1231 2682 improbitate
1254 2623 1370 2665 foret
1394 2622 1700 2670 emendacior,
1723 2621 1949 2677 solitoque
1971 2619 2047 2661 uel

365 2694 653 2751 aliquatenus
688 2693 990 2750 temperacior
1023 2691 1229 2740 effectus,
1263 2692 1326 2732 sic
1360 2694 1691 2746 consequenter
1724 2693 1792 2729 est
1826 2687 2046 2729 elocutus:

365 2761 586 2810 Profecto,
607 2761 759 2809 frater,
781 2765 859 2801 tua
882 2765 963 2801 tuo
985 2773 1075 2815 que
1097 2758 1177 2800 tibi
1198 2757 1378 2799 libuerit
1400 2756 1459 2798 de
1482 2756 1720 2812 proposito
1742 2754 1885 2796 libens
1907 2752 2046 2794 verba

439 2982 450 3004 ¹
469 2986 620 3033 Explicit
637 2986 729 3020 liber
743 2991 896 3032 quartus
913 2984 1041 3031 Incipit
1057 2983 1219 3026 Quintus
1236 2984 1259 3017 S

439 3036 452 3059 ²
467 3043 526 3078 cui
545 3044 567 3077 S

438 3092 452 3115 ³
469 3100 543 3134 iam
561 3101 583 3133 S
