2132 3346
268 481 302 506 45

266 1150 300 1176 55

263 2154 297 2179 70

262 2492 296 2517 75

364 132 455 173 214
591 140 779 174 SERIUM
800 141 1106 174 SENECTUTIS

364 264 767 322 indesinenterque
782 266 1091 315 venerandus,
1108 267 1257 323 sitque
1273 268 1440 308 reiecto
1456 267 1638 324 longius
1655 269 1783 310 omni
1798 269 2047 311 cancellali-

364 336 432 373 ter
442 336 487 373 et
498 331 739 374 obliterato
750 332 915 374 timore
925 332 1094 382 seruili,
1104 332 1362 375 voluntarie
1373 333 1788 391 delectabiliterque
1798 335 2045 378 timendus.

363 398 428 440 Sit
444 403 490 440 et
506 398 731 454 indigenti
748 398 964 455 moleque
980 398 1297 441 molestiarum
1314 399 1557 442 molestato
1574 400 1772 443 salutare
1789 415 2047 444 summum-

363 478 455 520 que
467 463 714 521 refugium,
727 463 963 507 sufficiens
977 465 1064 507 sibi
1078 465 1231 508 solum
1244 465 1428 508 cuilibet
1441 480 1468 508 a
1481 466 1685 523 quolibet
1698 467 2044 511 examinandus.

428 530 499 584 [2.]
522 531 620 573 Hec
635 532 792 573 omnia
805 531 1027 588 profecto,
1040 531 1179 574 frater
1192 532 1340 582 Helia,
1353 546 1459 574 meo
1473 547 1548 575 me
1561 533 1700 575 michi
1714 538 1793 576 tua
1806 533 2047 577 salubriter

363 598 412 639 in
426 598 583 639 animo
598 590 899 647 renouantia,¹
917 612 1007 655 que
1023 603 1119 640 tam
1134 598 1358 641 subtiliter
1373 604 1493 641 retro
1509 599 1671 642 fudisti
1686 605 1873 657 tamque
1887 600 2046 643 lauda-

363 664 511 707 biliter
543 656 794 707 inseruisti²
826 666 1014 722 pectori,
1046 665 1187 708 verba
1220 665 1359 708 michi
1391 666 1582 723 quidem
1614 681 1710 709 non
1742 667 2045 711 multominus

363 732 679 788 approbabilia
725 731 842 789 Ι58Ἴ
887 732 1015 789 quod
1048 732 1176 775 velut
1208 733 1266 775 ab
1297 733 1396 775 aliis
1429 733 1579 776 alioue
1610 735 1701 776 sint
1731 735 1849 777 sicut
1881 735 2045 778 asseris

363 804 587 849 mutuata,
619 798 761 842 tibiue
793 800 926 856 quasi
957 800 1146 842 nomine
1177 801 1328 842 mutui
1359 800 1705 857 superficialiter
1736 802 2044 859 appropriata.

362 865 584 908 Refutatis
597 867 736 923 igitur
748 866 965 909 omnibus
978 872 1023 909 et
1035 867 1338 910 abiectissime
1350 873 1620 924 postergum
1633 868 1850 918 dimissis,
1861 868 2047 912 habitis·

362 947 453 990 que
474 947 560 990 pro
583 933 810 976 derelictis
833 934 1116 991 omninoque
1139 948 1224 991 pro
1246 934 1516 991 dignissime
1538 934 1910 992 derelinquendis
1932 936 2045 979 anti·

362 1001 548 1057 quitatis
567 1001 798 1043 erroribus
817 1001 937 1043 adeo
956 1001 1174 1051 ridiculis,
1192 1001 1445 1044 humanam
1463 1016 1573 1044 sane
1591 1003 1712 1045 scius
1730 1002 1873 1045 homo
1890 1002 2045 1046 nullus

363 1068 566 1110 animam
592 1067 772 1110 dubitet
797 1068 988 1110 ulterius
1014 1068 1337 1111 inmortalitate
1363 1069 1712 1125 priuilegiatam,
1737 1083 1832 1126 quo
1856 1071 2044 1126 spiritus

362 1134 562 1176 hominis
582 1135 811 1184 animane,
829 1135 1151 1177 racionalitatis
1170 1135 1374 1177 efficiens
1393 1150 1545 1185 causa,
1563 1136 1805 1178 brutorum
1823 1136 1968 1179 brutis
1987 1136 2046 1179 ab

362 1200 632 1242 animalium
650 1201 885 1257 spiritibus
904 1201 1159 1258 specialiter
1177 1201 1263 1243 sibi
1279 1216 1546 1244 concessam
1564 1202 1884 1244 racionalitatis
1901 1216 2045 1245 secer-

361 1272 497 1309 natur
517 1281 599 1323 per
618 1268 976 1324 prerogatiuam,
995 1269 1248 1324 ceterisque
1268 1268 1537 1324 dignissime
1558 1269 1822 1311 dominetur
1841 1269 2045 1312 animali·

361 1333 448 1375 bus
486 1333 630 1375 homo
668 1348 751 1390 per
787 1335 1185 1390 consequenciam,
1222 1348 1581 1391 concessamque
1618 1335 1704 1377 sibi
1742 1335 2044 1378 dominatoris

361 1401 534 1442 summi
545 1400 785 1442 voluntate
797 1400 1171 1443 dominacionem
1183 1415 1318 1443 suam
1330 1402 1486 1458 sepius
1499 1407 1704 1444 exerceat
1715 1402 1776 1444 ad
1789 1401 2044 1452 utilitatem,

362 1467 478 1509 dum
495 1472 652 1509 tamen
667 1467 898 1525 inculpate
914 1482 1011 1510 non
1026 1468 1216 1510 excedat
1232 1469 1280 1510 in
1295 1469 1514 1510 exercicio
1531 1468 1671 1511 tutele
1687 1483 1953 1511 mensuram
1968 1469 2045 1511 uel

360 1536 566 1578 exercicii
589 1535 977 1578 moderacionem.
1001 1536 1099 1578 Nec
1123 1537 1560 1593 incircumspectius,
1583 1536 1830 1580 obliteratis
1853 1537 2044 1580 omnino

359 1604 601 1645 vetustatis
619 1603 739 1645 adeo
754 1617 874 1645 vane
890 1608 985 1646 tam
1001 1603 1170 1646 vilibus
1186 1604 1482 1661 ridiculisque
1498 1604 1823 1654 deliramentis,
1838 1604 2044 1647 subsola-

360 1661 416 1712 ri³
435 1671 615 1727 spirans
634 1672 683 1712 in
700 1671 858 1713 medio
877 1672 1030 1727 quiuis
1049 1672 1256 1727 pertinax
1274 1672 1333 1713 sit
1351 1671 1656 1714 subsannator
1674 1677 1769 1714 tam
1786 1671 2045 1714 numerabi-

360 1736 475 1779 lium
486 1738 702 1779 vanitatis
716 1738 903 1794 antique
917 1737 1115 1780 deorum
1128 1737 1452 1787 multitudinis,
1464 1738 1675 1795 adeoque
1687 1752 2044 1780 numerosorum

360 1804 448 1861 sub
467 1804 564 1846 sole
584 1805 832 1846 numinum
852 1810 948 1846 tam
967 1806 1222 1861 perniciose
1242 1805 1525 1862 pluralitatis.

424 1870 495 1925 [3.]
517 1872 587 1912 Sic
609 1872 763 1928 itaque
785 1872 850 1913 mi
871 1873 1176 1921 meritissime,
1196 1885 1386 1913 consors
1408 1872 1546 1913 michi
1567 1873 1893 1921 amantissime,
1913 1872 2042 1929 quod

359 1937 649 1994 superficiale
677 1939 787 1980 satis
818 1943 863 1980 et
892 1939 1025 1995 quasi
1053 1938 1468 1995 contemplatiuum
1497 1944 1616 1980 retro
1647 1940 2043 1981 mencionatorum

360 2004 498 2046 michi
523 2004 772 2061 displicuit,
797 2005 1009 2061 adeoque
1033 2005 1135 2047 bilis
1161 2005 1222 2047 ad
1248 2005 1604 2047 amaritudinem
1628 2020 1703 2047 me
1728 2006 1876 2047 mouit
1901 2006 2042 2047 animi

359 2070 574 2127 ligueque
592 2071 955 2120 matrimonium,
974 2076 1162 2113 tuorum
1180 2072 1330 2113 varias
1349 2071 1598 2113 verborum
1615 2071 1837 2113 vafrecias
1857 2077 2043 2128 tamque

359 2137 598 2180 subtilium
621 2137 956 2195 allegacionum
979 2153 1062 2195 per
1084 2139 1292 2195 argucias
1315 2130 1437 2180 mea⁴
1460 2138 1598 2181 michi
1621 2144 1774 2181 mente
1796 2138 2042 2180 bellissime

359 2204 490 2247 sedet
521 2210 573 2247 ut
605 2205 867 2247 admodum
899 2206 991 2247 iam
1023 2220 1146 2247 nunc
1178 2205 1475 2262 approbabile
1506 2197 1582 2248 sit⁵
1614 2205 1909 2248 sciencialiter
1939 2210 1984 2247 et
2015 2219 2043 2248 a

358 2273 552 2314 sensatis
567 2272 887 2315 vniuersaliter
903 2272 1119 2315 omnibus
1136 2273 1456 2330 approbatum.
1474 2273 1656 2330 Nempe
1671 2272 1826 2315 nullus
1841 2272 1930 2315 sub
1945 2272 2042 2315 sole

358 2340 538 2396 spirans
563 2339 823 2389 medianus,
847 2345 899 2382 ut
923 2340 1062 2383 michi
1086 2341 1176 2382 tuis
1201 2341 1293 2383 iam
1317 2354 1439 2383 nunc
1462 2340 1621 2383 videre
1644 2340 1808 2383 videor
1831 2339 2042 2397 adprime

358 2407 598 2449 meliorato
634 2407 940 2457 sermonibus,
975 2408 1157 2450 virtutis
1194 2413 1371 2450 amator
1406 2422 1507 2450 esse
1542 2407 1724 2457 valebit,
1759 2421 1868 2449 vere
1902 2420 2041 2449 verus

358 2474 601 2517 deitatisve
615 2474 764 2518 cultor
778 2476 952 2518 sincere
968 2476 1186 2525 sincerus,
1201 2476 1289 2518 nisi
1303 2475 1404 2518 talis
1419 2481 1678 2518 contractus
1693 2474 2040 2518 matrimonialis

357 2543 604 2585 continuus
640 2543 698 2585 sit
732 2542 1098 2593 commendator,
1132 2542 1547 2600 inuariabiliterque
1582 2542 1869 2585 voluntarius
1917 2541 2029 2599 {59¹1

358 2610 685 2667 actualiterque
713 2611 777 2652 sic
807 2610 1063 2652 affectiuus.
1091 2610 1181 2652 Sed
1211 2625 1294 2653 nec
1323 2611 1371 2652 in
1397 2611 1491 2652 vita
1520 2610 1606 2652 sibi
1633 2609 1985 2652 conviuentibus
2013 2623 2040 2651 a

430 2853 441 2875 ¹
460 2860 653 2894 renouanti
671 2861 694 2894 S

429 2909 443 2931 ²
459 2914 691 2949 inseruerunt
708 2916 731 2949 S

429 2965 443 2987 ³
459 2970 529 3004 sub
545 2971 654 3005 solari
671 2972 694 3005 S

428 3020 443 3042 ⁴
459 3037 541 3061 mee
557 3028 581 3061 S

429 3076 443 3099 ⁵
458 3083 504 3117 sit
519 3083 568 3117 ed.
