2132 3346
257 317 309 342 155

257 650 309 676 160

257 985 308 1011 1⁶⁵

257 1319 309 1344 170

258 1654 309 1679 175

258 1990 310 2015 180

258 2324 309 2350 185

259 2661 310 2686 190

370 168 460 210 206
596 175 784 209 SERIUM
805 175 1111 209 SENECTUTIS

370 305 553 357 oportet
578 305 623 342 et
649 301 711 342 ita
736 301 863 342 Deus
889 301 948 342 sit
973 305 1018 341 et
1043 300 1255 341 omnium
1279 313 1418 341 causa
1443 305 1767 341 creaturarum.
1792 300 1872 341 Sin
1896 305 2052 341 autem

370 366 703 423 subsequenter
725 366 928 423 aliquam
950 366 1082 408 facile
1104 365 1432 408 monstrabitur
1455 365 1513 408 ab
1534 371 1691 408 eterno
1713 365 1856 408 fuisse
1878 371 2052 408 creatu-

370 447 484 483 ram,
505 447 614 475 cum
636 438 793 475 tamen
812 432 1002 489 intelligi
1024 433 1134 474 satis
1156 446 1252 474 non
1272 437 1430 489 posset
1451 446 1552 474 esse
1573 437 1779 474 creatura
1800 445 1891 489 que
1912 445 2052 474 suum

370 514 466 542 non
490 500 549 542 ab
573 500 664 542 alio
689 499 852 542 fuisset
877 500 1066 542 inicium
1091 500 1262 541 sortita.
1287 500 1358 541 Sic
1383 500 1537 555 itaque
1562 500 1819 541 necessario
1843 503 2053 541 constare

371 566 556 609 debebit
571 566 700 623 quod
715 567 1027 608 vniuersitatis
1044 566 1285 608 dumtaxat
1299 579 1447 607 vnum
1461 566 1520 607 sit
1535 565 1767 622 originale,
1782 564 1910 622 quod
1926 565 2052 607 Deus

370 638 453 683 est,
472 634 673 676 inicium.

435 700 534 755 [10.]
557 701 710 742 Preter
729 699 827 749 hec,
847 714 942 756 quo
962 699 1103 741 verba
1123 704 1219 741 tam
1239 698 1596 741 commendabili
1616 698 1873 755 producere
1892 712 2053 755 perga-

370 781 476 809 mus
500 768 549 809 in
571 767 776 817 materia,
799 767 839 809 si
862 780 954 823 qua
978 780 1050 808 res
1075 771 1144 808 est
1167 780 1258 823 que
1281 766 1407 808 Deus
1431 766 1502 815 sit,
1525 766 1639 822 quin
1661 766 1762 822 ipsa
1785 779 1857 807 res
1881 765 1940 807 sit
1962 778 2054 822 que

370 849 466 877 non
492 848 594 876 esse
621 848 718 876 non
744 834 892 891 possit
919 847 1030 875 sane
1057 847 1196 875 nemo
1222 833 1470 889 negauerit.
1497 833 1568 875 Sic
1595 833 1749 889 itaque
1776 833 1816 874 si
1842 831 1956 889 quid
1983 836 2053 874 est

370 902 511 951 Deus,
537 900 586 943 id
613 915 710 943 non
734 914 836 943 esse
862 915 959 943 non
984 900 1165 957 poterit;
1191 900 1329 957 igitur
1355 899 1529 956 aliquid
1556 898 1683 956 quod
1711 913 1807 942 non
1831 913 1933 941 esse
1958 913 2055 941 non

370 973 524 1026 potest
542 973 611 1011 est
630 969 769 1010 Deus.
789 968 934 1024 Atqui
952 968 1322 1010 raciocinacionis
1341 966 1479 1009 huius
1499 967 1547 1009 in
1564 966 1651 1009 hoc
1670 966 1747 1009 uel
1765 971 2054 1023 argumenta-

370 1036 514 1077 cionis
528 1035 651 1077 racio
664 1034 855 1077 locusue
868 1035 1089 1084 consistit,
1101 1033 1230 1091 quod
1245 1033 1306 1076 ad
1319 1033 1457 1076 huius
1470 1033 1730 1090 ypothetice
1741 1033 1982 1075 veritatem
1997 1032 2054 1088 (si

370 1102 499 1159 quid,
524 1101 753 1151 videlicet,
793 1101 905 1158 {56¹1
943 1106 1013 1143 est
1039 1102 1179 1150 Deus,
1206 1100 1255 1143 id
1281 1114 1377 1142 non
1402 1114 1503 1142 esse
1529 1114 1624 1142 non
1649 1100 1832 1157 poterit)
1860 1100 2055 1156 exigitur

370 1168 499 1225 quod
528 1169 654 1210 Deus
682 1182 778 1210 non
805 1168 952 1224 possit
979 1182 1075 1209 non
1101 1181 1215 1216 esse;
1241 1167 1373 1209 cuius
1402 1167 1618 1223 opposito
1646 1167 1813 1223 posito,
1839 1167 1932 1208 iam
1959 1179 2055 1208 non

371 1236 578 1292 sequitur
603 1234 732 1291 quod
759 1235 799 1276 si
824 1234 938 1291 quid
964 1233 1179 1275 videlicet
1204 1234 1262 1275 sit
1287 1234 1413 1275 Deus
1439 1233 1566 1290 quod
1593 1233 1642 1274 id
1668 1247 1764 1274 non
1788 1233 1935 1289 possit
1959 1245 2055 1274 non

371 1316 486 1351 esse,
508 1302 592 1344 sed
616 1303 779 1358 pocius
802 1301 931 1358 quod
955 1302 1102 1357 possit
1124 1314 1220 1342 non
1241 1314 1355 1350 esse,
1378 1300 1461 1342 sed
1485 1300 1533 1342 id
1556 1300 1812 1342 necessario
1835 1300 2052 1356 sequitur.

371 1369 448 1411 Est
467 1369 606 1425 igitur
624 1367 909 1425 impossibile
927 1368 1080 1409 Deum
1099 1381 1238 1424 posse
1256 1381 1351 1409 non
1369 1380 1482 1408 esse.
1500 1367 1571 1408 Sic
1590 1367 1743 1423 itaque
1761 1365 1889 1423 quod
1909 1366 1968 1408 sit
1985 1371 2054 1408 est

370 1449 570 1478 necesse.
585 1434 676 1477 Sed
693 1434 770 1477 uel
785 1434 846 1477 ad
863 1434 961 1484 hec,
978 1435 1017 1476 si
1033 1433 1155 1483 libet,
1170 1434 1234 1476 sic
1252 1433 1417 1475 adhuc:
1434 1438 1503 1475 est
1519 1432 1725 1490 profecto
1741 1431 2054 1475 manifestissi-

371 1516 503 1544 mum
521 1502 629 1559 quia
648 1502 687 1544 si
704 1501 818 1559 quid
837 1506 906 1543 est
924 1501 1065 1550 Deus,
1082 1515 1139 1543 eo
1157 1501 1256 1542 sine
1273 1501 1373 1542 Deo
1390 1499 1566 1542 bonum
1583 1514 1679 1542 non
1696 1499 1862 1557 poterit
1879 1498 2052 1556 aliquid

371 1583 486 1619 esse;
505 1570 545 1611 si
563 1561 696 1626 quid1
717 1569 856 1626 igitur
875 1573 944 1611 est
963 1567 1154 1618 bonum,
1173 1568 1300 1610 Deus
1320 1573 1400 1610 est.

435 1635 535 1691 [11.]
557 1637 628 1679 Sic
663 1635 821 1678 multis
855 1636 1215 1692 necessariisque
1249 1634 1508 1677 racionibus
1541 1639 1719 1676 constat
1753 1647 1855 1676 esse
1888 1633 2054 1682 Deum,

371 1705 574 1761 citraque
599 1702 851 1761 quamlibet
875 1717 1023 1745 vnum
1048 1702 1357 1760 pluralitatem
1381 1702 1819 1744 numerositatemue
1844 1700 2053 1743 deorum.

371 1772 555 1828 Nempe
572 1772 612 1813 si
629 1770 695 1813 dii
712 1770 810 1813 duo
827 1771 1110 1827 principiave
1127 1769 1335 1819 fuissent,
1351 1769 1427 1811 uel
1443 1768 1725 1811 insufficiens
1742 1773 1863 1810 esset
1878 1773 2054 1810 vtrum-

371 1853 462 1896 que
481 1838 558 1880 uel
578 1837 996 1895 superhabundans
1017 1837 1224 1879 alterum.
1245 1837 1291 1879 Si
1310 1851 1422 1878 vero
1442 1836 1555 1893 quid
1577 1836 1704 1878 alteri
1725 1835 1905 1877 deesset
1925 1834 2053 1892 quod

371 1905 558 1948 haberet
589 1905 798 1955 alterum,
828 1910 1100 1947 consumata
1130 1918 1227 1947 non
1255 1909 1375 1946 esset
1406 1905 1454 1946 in
1483 1903 1760 1960 perfectione
1790 1902 2054 1945 solidatum.

370 1972 609 2029 Siquidem
634 1972 698 2014 nil
722 1971 910 2014 haberet
934 1986 1082 2014 vnum
1107 1971 1235 2028 quod
1260 1985 1356 2013 non
1379 1970 1565 2013 haberet
1589 1975 1634 2012 et
1659 1969 1867 2019 alterum,
1890 1982 2056 2011 consu-

372 2044 495 2082 mata
524 2054 633 2082 cum
663 2039 727 2081 sic
757 2039 914 2081 omnia
944 2043 1102 2096 posset
1131 2043 1381 2095 utrumque
1410 2036 1713 2094 superflueret
1742 2035 1950 2085 alterum,
1979 2034 2055 2078 uel

371 2106 766 2163 contemplacione
776 2106 1117 2148 communionis
1129 2104 1466 2147 abhominabile
1476 2105 1632 2160 sepius
1643 2103 1894 2146 inciderent
1904 2103 1953 2145 in
1961 2102 2054 2144 dis-

371 2173 560 2222 cidium,
578 2173 820 2230 presertim
836 2186 945 2215 cum
962 2172 1230 2214 communio
1248 2177 1394 2214 mater
1410 2170 1664 2213 studiosius
1682 2183 1865 2226 semper
1880 2169 2054 2211 euitan-

372 2239 540 2282 darum
559 2239 891 2282 fecundissima
911 2240 969 2281 sit
989 2238 1356 2287 altercacionum,
1375 2238 1789 2294 continuarumque
1808 2250 1992 2292 semper
2009 2240 2055 2277 et

371 2306 717 2364 sompniculosa
731 2307 789 2349 sit
802 2307 1026 2349 incitatrix
1040 2305 1333 2348 invidiarum.
1347 2305 1418 2347 Sic
1431 2305 1569 2361 igitur
1581 2304 1668 2346 hoc
1682 2303 1876 2352 mundo,
1889 2302 2054 2345 moles-

372 2375 632 2431 tiarumque
647 2379 743 2416 tam
757 2374 928 2416 misero
944 2372 1291 2429 delectabilique
1305 2371 1557 2421 conclauio,
1571 2376 1777 2414 creatura
1791 2371 1877 2413 Dei
1890 2370 2054 2412 viuens

372 2443 523 2485 omnis
537 2441 681 2484 homo
695 2455 781 2498 pro
794 2440 875 2483 vili
888 2441 1196 2483 communiter
1209 2454 1236 2482 a
1249 2439 1453 2497 quolibet
1465 2438 1706 2481 habendus
1721 2443 1790 2480 est
1803 2437 2054 2480 subsanna-

371 2509 519 2552 biliter
544 2514 589 2552 et
615 2510 862 2559 insensato,
888 2509 968 2565 qui
993 2508 1146 2550 Deum
1171 2521 1318 2550 vnum
1343 2520 1530 2549 summo
1555 2506 1642 2548 sibi
1667 2505 1943 2562 specialique
1968 2517 2054 2561 pro

372 2576 679 2619 subsidiatore
691 2590 787 2618 non
797 2576 1033 2618 constituit
1045 2574 1383 2631 sufficientique
1394 2573 1616 2616 subsidio.
1629 2574 1803 2615 Reuera
1814 2571 1919 2629 plus
1931 2572 2054 2614 iusto

372 2634 740 2701 pussillanimus²
759 2643 1007 2699 animoque
1026 2641 1273 2684 bestialiter
1291 2646 1360 2683 est
1380 2640 1615 2683 imbecillis
1635 2641 1709 2682 cui
1728 2640 1804 2682 vix
1824 2639 2054 2695 vitupera-

371 2711 610 2768 biliterque
631 2710 808 2753 viuenti
829 2709 1151 2766 destinatoque
1171 2708 1403 2751 fatalitatis
1425 2707 1742 2750 ineuitabiliter
1763 2706 1823 2749 ad
1845 2710 2054 2755 euentuS,

372 2793 507 2821 suam
526 2778 613 2820 sibi
632 2777 868 2820 sufficiens
888 2778 997 2819 satis
1018 2776 1079 2819 ad
1099 2776 1296 2819 salutem
1315 2790 1410 2818 non
1428 2781 1497 2818 est
1516 2776 1641 2817 Deus
1661 2788 1795 2817 vnus.

436 2845 535 2900 [12]
558 2846 658 2888 Hee
675 2844 881 2902 quidem,
898 2844 1050 2894 frater,
1068 2849 1163 2886 tam
1180 2843 1414 2901 speciales,
1431 2842 1708 2885 verbalitatis
1726 2847 1771 2883 et
1788 2842 1837 2883 in
1853 2839 2054 2883 luculen-

445 3055 456 3077 ¹
474 3060 577 3107 quod
595 3061 618 3095 S

444 3110 458 3133 ²
474 3116 742 3163 pussillanimis
759 3117 782 3151 S
