2132 3346
267 841 301 866 70

267 1175 301 1200 75

267 1845 301 1869 85

268 2518 303 2542 95

362 156 451 197 122
588 162 776 197 SERIUM
797 162 1102 196 SENECTUTIS

362 288 630 331 subnectere
644 302 741 331 non
753 287 1070 345 supersederis
1084 302 1170 344 pro
1184 288 1366 330 racione
1381 287 1718 338 deliracionem,
1732 287 1860 345 quod
1875 287 2044 331 scilicet

361 356 438 398 uel
460 355 524 398 nil
545 356 764 412 cuiquam
787 356 886 398 sine
908 369 959 397 se
980 355 1105 397 bono
1127 355 1318 404 bonum,
1340 356 1404 397 sic
1427 354 1565 397 nichil
1587 355 1722 397 alicui
1744 356 1843 397 sine
1864 369 1914 397 se
1935 369 2043 397 con-

363 437 478 480 gruo
494 437 766 480 congruum.
782 422 990 465 Tandem
1006 421 1261 464 subinferre
1275 436 1371 464 non
1384 422 1710 464 verecundaris
1726 423 1934 464 animum
1948 435 2045 464 non

362 491 516 532 minus
549 504 692 547 quam
725 481 916 546 liguam¹
951 489 1144 531 nexibus
1177 488 1236 531 ab
1267 488 1524 531 indiuiduis
1557 488 1767 531 funditus
1800 488 2043 575 ab2horrere

362 556 783 600 matrimonialium.
815 556 1002 613 Talique
1034 555 1224 598 tandem
1255 557 1437 598 racione
1469 555 1581 598 tales
1613 547 1868 598 sermones²
1897 556 2044 598 eciam

362 624 472 667 solis
488 624 669 666 adicere
684 623 1098 666 matrimonialibus
1114 628 1248 679 turpe
1262 636 1358 665 non
1372 623 1525 665 minus
1541 637 1642 665 esse
1656 623 1886 665 censueris
1901 636 2043 679 quam

363 692 672 740 temerarium,
691 690 1005 747 loquendique
1023 689 1439 732 consuetudinariis
1458 689 1618 731 vsibus
1639 690 1829 732 omnino
1848 688 2044 731 scurrili-

363 763 521 814 terque
541 757 880 813 derogatiuum.

426 823 497 878 [5.]
520 824 698 865 Uerum
720 824 760 865 si
781 822 1138 879 sompniculosis
1161 827 1206 864 te
1228 821 1492 864 studiorum
1513 822 1762 864 sudoribus
1785 821 2044 878 discipline-

362 881 471 947 que³
488 889 796 932 sollicitudine
813 889 985 931 salubri
1001 889 1413 945 preeximiauisseS,
1428 889 1748 945 scrutiniisque
1763 879 2044 931 litteralium⁴

363 962 407 999 te
431 958 732 999 scienciarum
769 955 886 1013 Ι28Ἴ
921 955 1181 998 salubribus
1205 955 1487 1012 presolidare
1511 955 1783 1004 studuisses,
1806 960 1886 997 tua
1908 954 2045 1011 longe

362 1023 637 1066 laudabilior
654 1024 703 1065 in
718 1037 912 1065 censura
930 1028 1101 1080 tuaque
1118 1022 1266 1064 multo
1283 1023 1463 1064 citerior
1479 1023 1766 1079 procacitatis
1783 1023 1832 1064 in
1848 1022 2045 1078 pertina-

362 1082 450 1133 cia⁵
475 1090 657 1140 fuisses,
682 1091 932 1147 saniusque
958 1091 1068 1132 satis
1094 1081 1362 1146 mitiusque⁶
1387 1089 1721 1146 reprobabilem
1746 1089 1857 1131 citra
1883 1088 2045 1130 delira-

362 1159 543 1200 cionem
561 1158 639 1200 tali
658 1157 718 1200 de
736 1157 902 1200 talibus
921 1158 970 1199 in
985 1171 1097 1199 casu
1114 1156 1320 1199 fortassis
1339 1157 1661 1206 examinasses,
1679 1156 1919 1213 presertim
1936 1169 2044 1197 cum

362 1225 546 1268 cuilibet
561 1226 707 1268 eciam
722 1226 833 1268 citra
849 1225 987 1282 longa
1003 1223 1407 1281 sompniculosave
1422 1224 1639 1266 scrutinia
1653 1223 1858 1266 studenti
1873 1231 2045 1265 sermo-

362 1307 477 1335 num
502 1293 761 1350 posiciones
787 1292 975 1334 obviam
999 1306 1084 1334 sua
1109 1296 1274 1348 sponte
1298 1292 1485 1333 veniant
1509 1296 1554 1333 et
1579 1290 1638 1333 de
1662 1289 1976 1333 consimilibus
2000 1294 2045 1332 et

362 1360 636 1402 consimiles:
666 1365 932 1402 sanctorum
961 1360 1128 1401 sanctis
1157 1373 1253 1400 non
1279 1358 1432 1400 solum
1461 1359 1814 1414 sapientumque
1841 1358 1970 1399 seriis
1998 1358 2047 1399 in

363 1428 619 1469 sinceritate
635 1427 840 1468 veritatis
857 1427 906 1468 in
922 1425 1271 1474 assercionibus,
1289 1425 1372 1466 sed
1390 1430 1435 1466 et
1452 1425 1500 1466 in
1516 1425 1706 1466 ethnicis
1723 1425 1869 1466 eciam
1885 1423 2044 1466 crebro

362 1494 694 1535 commenticiis
709 1494 758 1535 in
770 1483 1214 1549 supersticionibus.⁷
1226 1492 1369 1548 Atqui
1383 1505 1478 1533 non
1491 1492 1864 1548 incompetenter,
1876 1490 2045 1532 exami-

363 1574 421 1602 ne
442 1574 561 1609 meo,
583 1561 797 1616 superius
819 1560 1080 1616 positorum
1100 1558 1393 1615 reprobando
1414 1559 1647 1599 iuncturas
1669 1557 1898 1599 exfronter
1917 1557 2046 1613 igno-

363 1632 575 1669 ranterue
605 1626 870 1676 verborum,
901 1640 997 1668 non
1028 1631 1208 1668 tantum
1241 1625 1562 1681 theologorum
1594 1624 1846 1666 litterarum
1877 1623 2045 1680 pericia

363 1708 580 1750 supreme
602 1684 911 1750 preditorum⁸
932 1692 1073 1734 verba
1095 1693 1303 1734 virorum
1324 1691 1569 1748 reprobare
1590 1691 1761 1733 videris
1784 1704 1867 1747 per
1887 1703 2045 1732 conse·

363 1761 620 1817 quenciam,
639 1759 722 1802 sed
743 1765 788 1801 et
808 1760 857 1801 in
875 1759 1169 1816 philosophia
1189 1759 1406 1815 precipue
1426 1758 1832 1815 priuilegiatorum.

397 1848 400 1855 ¹
427 1826 498 1881 [6.]
520 1827 775 1869 Salutarem
794 1826 1001 1883 profecto
1019 1839 1204 1868 summa
1221 1825 1478 1867 Salomonis
1497 1825 1544 1866 in
1562 1825 1784 1881 sapientia
1802 1822 2046 1880 spirituali-

363 1909 453 1951 que
480 1894 665 1936 solidati
691 1893 914 1950 loquendi
940 1893 1138 1935 modum
1165 1893 1484 1934 iuncturamve
1510 1891 1758 1933 verborum
1784 1891 2046 1947 vituperare

363 1976 459 2004 non
491 1961 796 2003 verecundari
829 1960 1016 2010 videris,
1051 1959 1425 2002 consideracione
1459 1973 1555 2001 non
1588 1959 1741 2000 minus
1777 1956 2046 2000 obliterabili

362 2028 817 2085 contemplacioneve
840 2027 916 2069 uel
938 2041 1077 2069 causa
1100 2026 1360 2068 nullatenus
1385 2025 1592 2067 absimili.
1616 2026 1791 2067 Reuera
1813 2025 1930 2066 sicut
1953 2024 2046 2065 iam

364 2096 454 2138 tuis
486 2094 728 2137 manifeste
759 2095 869 2136 satis
900 2093 1161 2136 verbalibus
1193 2094 1315 2135 sumi
1346 2098 1498 2150 potest
1528 2107 1582 2134 ex
1615 2091 1938 2140 deliramentis,
1968 2091 2045 2132 vix

364 2162 538 2220 aliquid
554 2162 938 2205 inconsonancius
954 2160 1261 2203 absurdiusve
1275 2160 1351 2202 uel
1366 2159 1768 2202 inconueniencius
1783 2157 1881 2200 fore
1897 2157 2046 2215 (motu

363 2230 581 2273 facillimo
598 2230 1021 2286 contumaciterque
1039 2242 1329 2286 presumeres
1348 2227 1623 2283 examinare)
1643 2240 1784 2284 quam
1803 2239 1891 2268 suo
1908 2239 2047 2283 spon-

364 2312 465 2340 sam
492 2312 600 2340 cum
629 2311 804 2355 sponso
832 2297 1058 2339 socialiter
1085 2296 1323 2338 ecclesiam
1349 2294 1556 2352 copulari
1583 2292 1976 2336 matrimonialiter
2001 2297 2047 2335 et

364 2380 499 2423 agno,
522 2366 716 2423 talisque
739 2365 879 2407 talem
901 2365 1062 2422 sponsi
1084 2377 1306 2421 sponsam
1329 2363 1592 2405 desiderare
1614 2362 1821 2404 solaciari
1843 2361 2047 2403 suauiter

364 2434 456 2476 oris
471 2434 520 2475 in
533 2433 707 2482 osculo,
723 2432 940 2489 dulcique
954 2431 1169 2474 delectari
1184 2431 1377 2473 dulciter
1391 2431 1440 2473 in
1452 2429 1694 2486 colloquio.
1709 2429 1865 2471 Necte
1880 2427 2045 2470 talibus

365 2506 442 2542 tue
470 2514 718 2557 parsurum
745 2513 848 2541 reor
875 2500 923 2541 in
949 2498 1290 2540 elocucionibus
1318 2497 1534 2553 theologo
1561 2497 1776 2552 cuiquam
1804 2495 2045 2537 temerario

438 2709 449 2731 ¹
468 2715 490 2748 S
507 2714 558 2748 ad.
575 2725 597 2748 e
613 2714 718 2760 before
733 2713 888 2748 nexibus

437 2765 451 2787 ²
467 2770 701 2805 sermonibus
718 2771 741 2804 S

437 2819 451 2842 ³
467 2826 739 2872 disciplinaque
756 2827 778 2860 S

437 2876 451 2898 ⁴
468 2882 669 2917 litterarum
687 2883 710 2916 S

438 2932 452 2955 ⁵
468 2938 506 2972 in
522 2947 675 2972 censura
694 2964 701 2971 .
716 2964 723 2971 .
738 2964 745 2971 .
763 2936 801 2971 in
818 2935 1030 2983 pertinacia]
1049 2935 1241 2970 incensura
1259 2962 1266 2969 .
1281 2961 1288 2969 .
1303 2961 1310 2969 .
1327 2933 1564 2980 inpertinacia
1582 2934 1604 2967 S

437 2989 452 3011 ⁶
468 2994 668 3041 minusque
684 2994 707 3028 S

438 3044 453 3066 ⁷
468 3050 692 3097 supersticiis
709 3051 731 3084 S

437 3100 452 3123 ⁸
468 3107 718 3154 predictorum
736 3108 759 3141 S
