2132 3346
261 759 296 784 85

262 1428 297 1453 95

266 2635 300 2660 10

356 142 446 183 216
582 150 770 183 SERIUM
792 149 1097 183 SENECTUTIS

355 275 481 324 viris,
495 274 641 316 sibive
654 274 908 316 vicinaliter
921 273 1277 316 conuiuantibus
1292 287 1319 316 a
1332 274 1635 330 coinquiliniS,
1649 273 1791 316 homo
1805 287 2039 316 commen-

357 341 522 383 dabilis
538 340 615 383 uel
629 341 702 383 vir
717 340 1035 397 appreciabilis
1051 341 1136 382 erit
1151 340 1499 389 examinandus,
1515 340 1598 382 sed
1615 345 1660 382 et
1676 354 1703 382 a
1718 354 1829 382 sane
1845 341 2038 383 sensatis

357 407 672 450 indifferenter
689 408 918 450 vniuersis
936 407 1252 463 vituperabilis
1271 421 1372 449 esse
1390 407 1648 449 censebitur
1666 399 1882 449 mendax¹
1901 407 2039 449 vehe-

357 475 733 531 mentissimeque
745 473 1095 530 vituperandus.
1109 474 1292 530 Nempe
1304 488 1443 515 nemo
1454 473 1585 515 facile
1596 473 1731 515 fallax
1744 473 2038 516 consuetudi-

356 541 578 584 naliterue
595 540 737 583 verba
754 540 1128 596 mendaciterque
1145 541 1328 582 varians
1345 541 1553 582 virorum
1571 541 1738 596 gratias
1756 541 2038 596 appreciato—

357 622 523 650 rumue
541 608 913 664 perseuerancias
932 598 1203 663 promereri²
1219 606 1389 648 valebit
1407 606 1466 648 de
1484 606 1604 648 facili
1621 606 1774 648 valide
1791 606 2039 648 viriliterue

356 675 635 717 viuencium.

421 741 492 796 [4.]
514 742 718 784 Tuarum
735 740 957 798 profecto.
973 754 1077 783 care
1094 741 1159 782 mi
1174 754 1378 789 consors,
1394 740 1583 782 subtiles
1600 741 1723 782 sensi
1739 754 1822 796 per
1838 739 2039 782 luculen-

357 809 450 851 cias
463 808 909 851 sermocinacionum
922 807 1050 863 quod
1065 807 1113 849 id
1126 806 1255 863 quod
1269 812 1314 849 et
1327 806 1562 849 tn‘uialiter
1573 811 1642 849 est
1655 807 1827 856 tritum,
1838 807 2040 862 satisque

358 875 649 917 diouolaliter
665 880 734 917 est
751 875 800 917 in
814 875 1112 916 vniuersitate
1126 873 1288 930 wlgari
1304 873 1646 929 loquelaliterue
1661 873 1899 929 wlgatum,
1915 886 2040 915 mere

357 943 560 984 veritatis
574 942 632 984 sit
644 942 891 984 sinceritati
902 941 1383 983 consonantissimum:
1397 940 1550 982 solum
1562 940 1730 982 scilicet
1741 939 2039 996 sodaliciique

358 1009 529 1052 solacio
558 1008 833 1051 destitutum
862 1009 1104 1050 sanissime
1131 1008 1306 1050 censeri
1333 1008 1643 1050 miserrimum
1671 1006 1770 1050 fore
1798 1006 2040 1064 deploran—

358 1076 567 1133 dumque
580 1076 864 1118 medianum.
877 1076 1061 1132 Nempe
1074 1076 1113 1117 si
1126 1075 1333 1117 sodalicii
1345 1075 1515 1117 solacio
1527 1088 1685 1117 carens
1697 1074 1924 1124 ceciderit,
1936 1087 2040 1116 sero

358 1145 528 1186 senciet
552 1143 858 1186 subleuatoris
884 1142 1120 1192 auxilium,
1143 1142 1220 1184 uel
1243 1142 1562 1184 subsidiatoris
1587 1142 1784 1184 salutare
1809 1141 2041 1198 tempesti-

357 1225 533 1253 uumve
553 1210 829 1253 subsidium.
850 1211 1023 1252 Viuens
1044 1223 1154 1266 ergo
1175 1210 1342 1266 quiuis.
1362 1210 1401 1251 si
1421 1223 1531 1251 sane
1551 1214 1786 1251 sensatum
1806 1221 2040 1250 commen-

358 1278 661 1334 dabiliterque
697 1278 1084 1333 circumspectum
1120 1277 1282 1332 sapiat,
1319 1267 1543 1318 sodalicii³
1580 1276 1918 1317 studiosissime
1954 1275 2041 1317 sibi

357 1344 598 1386 conciliare
621 1349 717 1386 tam
741 1343 910 1385 decens
933 1349 978 1385 et
1001 1343 1121 1385 adeo
1144 1343 1341 1385 salutare
1365 1342 1626 1384 subsidium
1648 1343 1753 1384 nisu
1775 1342 2041 1383 continuato

358 1416 635 1468 perseueret,
665 1424 777 1453 casu
807 1411 1033 1452 cariturus
1065 1409 1239 1451 exiciali
1270 1410 1309 1451 si
1339 1408 1706 1451 commendabile
1737 1408 1823 1450 sibi
1853 1407 2041 1450 feliciter

358 1479 595 1519 inuenerit.
624 1478 778 1519 Huius
805 1477 1012 1533 profecto
1039 1476 1165 1518 fidus
1192 1477 1530 1517 enunciacionis
1557 1480 1755 1517 assertor
1781 1488 1970 1516 securus
1996 1479 2042 1516 et

358 1544 630 1600 astipulator
658 1557 866 1600 assurgo.
892 1544 1001 1599 quia
1028 1544 1103 1584 cui
1130 1542 1249 1584 fides
1276 1547 1345 1584 est
1373 1542 1683 1584 indubitanter
1709 1540 1922 1583 habenda
1949 1541 2041 1582 iam

358 1625 465 1653 sum
478 1610 807 1659 securificatus,
820 1615 1009 1666 experto
1023 1609 1194 1651 salubri
1208 1614 1303 1651 tam
1316 1608 1561 1650 confusiuo
1574 1607 1856 1650 subsidiatus
1870 1608 1919 1650 in
1929 1620 2041 1649 casu

359 1678 468 1719 satis
488 1683 533 1719 et
552 1677 749 1734 eleganti
767 1676 1047 1718 verbalitatis
1068 1677 1116 1718 in
1135 1677 1380 1718 amenitate
1399 1675 1633 1732 suffragio.

844 1872 1003 1920 LIBER
1025 1871 1260 1919 TERCIUS
1283 1868 1560 1918 DECIMUS⁴

359 2014 454 2056 Iam
475 2013 614 2056 michi
633 2027 709 2055 me
728 2012 919 2055 firmum
939 2012 1111 2055 faciunt
1131 2017 1210 2054 tua
1230 2011 1402 2054 famina
1421 2010 1572 2059 frater,

359 2082 452 2131 Qui
472 2080 592 2122 male
612 2081 802 2122 mouisti
821 2094 904 2137 per
923 2081 1075 2121 inania
1094 2079 1284 2121 verbula
1304 2078 1442 2120 bilem

359 2148 410 2190 In
429 2148 604 2204 primis,
624 2147 742 2189 dum
760 2161 881 2188 vana
900 2146 1030 2188 vafer
1048 2145 1274 2188 variando
1294 2145 1497 2194 referres.

360 2216 455 2257 Iam
475 2214 556 2257 tibi
575 2215 870 2263 conueniens,
890 2219 934 2255 et
955 2214 1003 2255 in
1021 2213 1108 2255 hoc
1128 2213 1371 2255 consencio
1391 2212 1518 2269 quod
1540 2213 1597 2253 sit

360 2282 447 2323 Res
466 2282 615 2323 cuiuis
635 2295 833 2338 operosa
852 2282 962 2322 satis
983 2281 1155 2322 seruire
1175 2279 1379 2321 studenti

360 2349 602 2392 Pervalido
621 2363 806 2406 semper
825 2348 1004 2391 domini
1024 2362 1110 2405 pro
1128 2347 1246 2390 velle
1265 2346 1416 2389 clienti
1449 2345 1566 2403 {59V1

360 2416 437 2459 Ad
458 2416 639 2458 libitum
659 2415 758 2466 soli,
779 2415 972 2457 domino
993 2416 1032 2457 si
1052 2415 1221 2456 seruiat
1240 2415 1333 2463 νηί)

361 2485 437 2526 Est
457 2485 595 2541 igitur
614 2483 792 2525 famulo
812 2483 1014 2525 dominis
1035 2496 1231 2539 operosa
1252 2481 1436 2523 duobus

360 2550 566 2593 Subdere
586 2565 635 2592 se
655 2550 809 2592 solum
829 2564 901 2591 res
922 2548 1181 2591 ancillando
1201 2548 1425 2597 clientem,

360 2618 445 2660 Vix
465 2617 684 2674 equidem
703 2616 888 2659 validus
909 2617 1054 2658 eciam
1075 2616 1247 2658 seruire
1267 2614 1451 2657 duobus

360 2686 440 2727 Vir
458 2685 580 2727 valet
600 2684 818 2727 ancillans
838 2698 933 2741 quo
953 2684 1011 2725 sit
1030 2683 1146 2725 bene
1166 2688 1322 2740 gratus
1342 2682 1536 2738 utrique;

435 2918 446 2941 ¹
465 2923 626 2958 mendax
642 2923 691 2957 ed.

435 2974 448 2997 ²
465 2979 652 3026 promeriti
670 2980 693 3014 S

434 3029 449 3052 ³
465 3036 597 3070 sodalii
615 3037 638 3070 S

435 3086 449 3108 ⁴
465 3094 493 3127 R
508 3093 561 3126 ad.
578 3092 670 3126 liber
685 3092 746 3126 xiii
762 3103 784 3136 9
802 3092 835 3125 in
854 3101 956 3137 marg.
