2158 3366
309 508 343 533 35

307 842 342 867 40

306 1176 341 1201 ⁴5

305 1980 339 2005 55

404 156 463 198 50
600 164 788 198 SERIUM
810 164 1115 199 SENECTUTIS

406 290 552 332 taliter
575 290 726 332 effusa
749 290 867 333 foret
891 291 1036 348 opido
1061 296 1391 334 consternatus:
1415 285 1689 349 Numquid,¹
1715 293 1861 343 Helia,
1884 295 2086 351 repetitis

405 362 473 399 tot
494 371 723 400 annorum
745 358 838 400 iam
859 358 1246 408 reuolucionibus,
1268 360 1434 401 mentis
1457 359 1594 402 talem
1615 365 1710 402 tam
1731 361 1821 402 cito
1843 360 2086 403 deduceris

405 424 465 466 ad
485 425 791 467 inanicionem
809 425 938 481 quod
957 426 1103 467 eciam
1122 425 1420 468 dormitando
1438 441 1611 468 nasove
1629 427 1835 483 vigilanti
1853 427 2087 470 stertendo

405 505 570 548 pergas
596 491 919 534 allucinatum?
946 491 1154 534 Profecto
1179 506 1288 534 cum
1313 493 1406 534 iam
1430 507 1573 535 canus
1600 493 1861 536 decuriatus
1887 495 1949 536 sis
1975 494 2087 536 haut

404 559 741 614 intempestiuis
782 559 1228 615 computacionibus,
1269 564 1321 601 ut
1360 551 1567 601 censeas²
1609 560 1817 602 lustrales
1859 574 2087 603 annorum

404 625 704 681 repeticiones
743 630 821 666 tue
857 624 1020 667 frontis
1058 624 1280 682 facieique
1317 626 1492 675 riuulis,
1529 626 1694 668 talibus
1732 631 1918 684 tamque
1953 628 2085 669 vanis

404 696 661 748 temperare
682 691 742 733 de
762 691 868 734 hinc
889 691 950 734 de
970 693 1153 734 racione
1174 691 1365 734 deberes
1387 707 1413 734 a
1434 692 1758 743 deliramentis,
1778 693 1956 751 solique
1976 693 2087 736 dare

404 758 559 800 locum
582 759 815 801 seueritati
838 758 1041 816 solisque
1064 773 1248 816 semper
1270 764 1315 802 et
1338 773 1393 802 ex
1417 761 1657 816 proposito
1681 761 1821 803 seriis
1846 761 2086 803 Presertim

403 839 511 867 cum
534 839 606 867 res
629 825 1009 867 ridiculosissima
1032 827 1090 868 sit
1112 839 1245 868 senes
1268 827 1486 868 interesse
1508 827 1868 877 scurrilitatibus,
1890 828 2087 870 iocarive

403 892 663 934 iuueniliter
679 893 727 934 in
743 892 969 942 thalamis,
984 892 1325 934 vanitatibusue
1339 906 1503 935 vacare
1518 895 1728 943 veneriis,
1743 893 1944 936 verbaue
1960 899 2027 936 tot
2042 899 2087 936 et

404 964 499 1000 tam
513 973 624 1015 sepe
636 973 758 1001 vana
772 960 1084 1001 matrimonia-
1111 960 1118 1016 Ι
1132 959 1174 1002 2¹
1188 961 1195 1016 Ι
1221 959 1340 1002 libus
1354 961 1480 1002 varie
1494 960 1554 1002 de
1567 960 1887 1010 contractibus,
1899 961 2087 1018 nupcia-

403 1025 615 1082 libusque
632 1031 727 1068 tam
744 1025 1006 1082 frequenter
1022 1026 1166 1068 fando
1184 1026 1244 1068 de
1261 1026 1509 1076 federibus,
1525 1027 1644 1069 adeo
1661 1026 1921 1084 frequentes
1938 1026 2086 1070 facere

403 1093 703 1149 repeticiones
714 1092 1046 1149 epithalamicis
1058 1093 1118 1135 de
1129 1093 1407 1135 carminibus
1418 1095 1757 1151 ymeneicisque
1768 1094 1828 1136 de
1837 1094 2085 1136 cantilenis.

402 1159 610 1201 Profecto
633 1173 742 1202 cum
765 1173 857 1202 vox
882 1160 1024 1202 animi
1048 1159 1201 1216 proles
1225 1159 1323 1202 fore
1347 1160 1639 1217 perhibeatur
1661 1166 1706 1203 et
1729 1160 1836 1210 filia,
1861 1166 1904 1203 te
1927 1175 2086 1203 senem

402 1226 621 1268 naturalis
636 1232 768 1283 vrget
782 1228 1039 1284 pungitque
1053 1227 1325 1284 petulancia,
1339 1227 1619 1284 legittimaue
1633 1233 1791 1270 mouet
1805 1228 2085 1285 intempesti-

402 1307 462 1335 ue
488 1295 871 1350 concupiscentia.
900 1294 1108 1335 Triuialis
1136 1295 1260 1335 enim
1287 1294 1635 1336 consuetudinis
1663 1300 1732 1336 est
1759 1300 1803 1336 et
1831 1296 2086 1336 invecerate

402 1360 530 1417 quod
552 1374 719 1402 aurum
739 1360 867 1417 quod
889 1360 1034 1417 opido
1056 1360 1289 1402 desiderat
1309 1361 1453 1418 opido
1474 1361 1675 1418 loquitur
1695 1375 1877 1411 auarus,
1897 1361 2086 1403 menda-

401 1442 570 1484 cesque
609 1427 901 1485 frequencius
942 1427 1116 1470 fundos
1156 1428 1386 1485 falsasque
1427 1428 1548 1470 fatur
1587 1428 1794 1471 fortunas
1835 1433 2087 1471 ostentator

402 1496 694 1537 meritissime
727 1495 1019 1545 ridiculosus,
1052 1495 1272 1553 mollique
1304 1495 1466 1537 molles
1499 1501 1724 1538 memorat
1757 1495 1908 1538 mollis
1940 1497 2086 1538 eciam

402 1577 615 1604 sermone
632 1563 846 1605 mulieres
863 1562 1120 1605 feminasue
1135 1564 1331 1605 veneriis
1347 1564 1418 1605 vir
1434 1563 1620 1605 deditus
1637 1563 1712 1605 uel
1727 1563 2002 1606 luxuriosus.
2019 1564 2085 1612 Et,

401 1635 451 1671 vt
467 1631 525 1671 sit
541 1630 602 1671 ad
618 1644 766 1671 vnum
782 1630 948 1679 dicere,
964 1630 1092 1686 quod
1109 1644 1197 1672 suo
1212 1622 1380 1672 cuiuis³
1396 1632 1601 1686 optatiue
1617 1630 1852 1672 diducitur
1867 1631 1915 1672 in
1929 1631 2085 1672 animo

401 1710 486 1738 sua
506 1696 593 1738 sibi
612 1697 770 1753 sepius
790 1697 914 1753 ligua
935 1698 1111 1753 repetit,
1130 1697 1384 1753 volensque
1403 1697 1604 1738 crebrius
1624 1697 1771 1739 voluit
1790 1698 1838 1739 in
1855 1697 1965 1739 vdo.

1009 1831 1199 1872 Metrum
1223 1821 1478 1872 Secundum⁴

401 1964 554 2005 Omne
573 1963 701 2020 quod
723 1965 771 2005 in
790 1969 944 2005 mente
964 1955 1083 2005 silet⁵
1103 1969 1172 2005 est
1191 1978 1282 2005 vox
1302 1963 1396 2005 filia
1417 1964 1581 2005 mentis

462 2031 679 2087 Prompta
699 2030 866 2073 referre
886 2030 1041 2088 palam
1061 2031 1189 2087 quod
1210 2030 1296 2073 fuit
1315 2036 1444 2072 estve
1463 2031 1621 2080 latens,

400 2098 582 2154 Detegit
602 2112 740 2140 omne
760 2099 912 2140 iacens
933 2099 1074 2140 animi
1095 2098 1183 2140 sub
1202 2099 1402 2155 tegmine
1422 2098 1610 2140 tandem

462 2165 602 2222 lligua
622 2165 804 2223 loquax,
824 2167 980 2208 animo
1000 2166 1155 2208 clausa
1175 2165 1342 2208 referre
1362 2180 1542 2223 procax.

1067 2301 1194 2343 Prosa
1216 2291 1423 2343 Secunda⁶

464 2436 535 2491 [2.]
558 2437 741 2479 Talibus
768 2438 922 2494 itaque
949 2438 1045 2479 suis
1072 2436 1362 2479 sermonibus
1389 2450 1484 2479 non
1509 2437 1661 2478 minus
1688 2450 1829 2493 quam
1855 2436 1983 2493 prius
2010 2435 2084 2478 ille

400 2505 515 2546 meis
533 2504 593 2546 ad
612 2505 728 2546 iram
745 2509 852 2561 post
869 2505 1095 2553 incitatus,
1113 2505 1177 2546 sic
1195 2518 1220 2546 e
1237 2505 1433 2560 uestigio
1451 2504 1677 2546 subiunxi:
1696 2503 1915 2552 Profecto,
1933 2502 2083 2551 frater,

400 2572 439 2613 si
460 2571 637 2627 prefata
661 2571 846 2627 (quibus
867 2572 978 2613 citra
999 2585 1188 2612 causam
1211 2572 1389 2612 moueri
1410 2570 1598 2625 videris)
1623 2570 1892 2626 diligencius
1915 2569 2082 2611 discre-

400 2639 583 2694 tiusque
611 2638 929 2687 diiudicasses,
957 2637 1069 2679 haut
1097 2637 1216 2679 adeo
1244 2638 1494 2694 procaciter
1521 2638 1586 2678 eis
1615 2637 1813 2678 michiue
1840 2641 2082 2693 propterea

473 2824 484 2845 ¹
503 2830 658 2876 Nuquid
678 2831 700 2864 S

473 2880 486 2902 ²
503 2892 542 2920 ut
558 2886 722 2930 censeas]
739 2886 857 2920 eciam
875 2887 897 2920 S

472 2936 486 2958 ³
501 2941 607 2975 cuius
625 2942 647 2975 S

472 2993 485 3014 ⁴
503 2998 665 3031 Mettum
680 2997 895 3031 Secundum
913 2998 940 3031 R

473 3047 486 3069 ⁵
502 3054 590 3088 silex
608 3055 631 3088 S

472 3104 486 3126 ⁶
503 3112 610 3145 Prosa
626 3110 797 3145 Secunda
815 3111 842 3145 R
