2158 3366
270 439 321 464 105

270 773 321 798 110

269 1107 321 1132 115

269 1442 320 1468 120

269 1777 320 1802 125

269 2112 320 2137 130

268 2449 319 2474 135

268 2784 319 2809 1⁴0

383 157 442 198 54
578 164 766 197 SERIUM
787 164 1093 198 SENECTUTIS

383 303 489 330 rum
520 289 727 345 supremi
758 289 834 330 via
865 294 988 330 recta
1019 289 1206 330 rectoris
1238 288 1299 330 ad
1331 288 1675 331 tabernaculum
1706 289 1990 331 celsitudinis
2020 295 2066 332 et

383 355 818 397 incircumuenibilis
844 354 1128 397 infinitiuum
1154 354 1282 397 ducit
1307 355 1368 397 ad
1394 355 1718 398 habitaculum.
1744 356 1928 413 Nempe
1955 355 2066 413 (quo

383 437 494 464 sane
508 428 632 472 nota,
647 422 979 479 salubriterque
994 422 1203 472 triuialia,
1218 421 1302 464 sed
1317 427 1362 464 et
1377 423 1426 464 in
1438 422 1535 464 vdo
1550 436 1742 465 consue·
1769 422 1858 479 ΙΒἼ
1885 422 2067 466 tudina-

383 489 484 531 liter
497 490 742 531 existencia
757 489 1004 546 loquamur
1018 488 1332 546 sollempniter
1346 494 1391 531 et
1405 489 1526 545 trita)
1542 489 1848 546 philosophus
1862 503 1972 532 eum
1986 490 2067 547 qui

383 557 480 598 suis
502 570 598 598 non
619 555 861 598 dumtaxat
882 556 931 598 in
951 555 1082 598 labiis
1103 570 1269 598 verum
1290 561 1644 613 preconceptam
1665 555 1806 598 corde
1826 557 2067 599 veritatem

383 637 470 665 suo
501 622 624 665 fatur
654 623 703 665 in
732 623 903 672 animo,
933 622 1108 665 licentis
1139 627 1184 665 et
1215 622 1437 665 arbitrarii
1467 623 1586 679 regis
1617 622 1930 666 habitaculum
1958 623 2067 680 quia

383 691 689 746 promeruerit
699 690 1018 746 ingressurum
1028 694 1183 732 censet
1193 689 1539 739 ecclesiasticus,
1550 689 1667 732 dum
1678 695 1834 732 tamen
1841 690 2007 732 viuens
2018 690 2068 732 in

383 757 642 798 innocentia
668 757 897 799 iusticiam
922 761 1196 813 cooperetur
1220 761 1271 798 vt
1296 757 1459 806 iustus,
1484 757 1676 813 eiusque
1701 756 1883 813 longius
1909 770 2066 799 aman-

384 823 520 865 detur
549 837 576 865 a
606 823 731 880 ligua
762 823 914 873 dolus,
944 837 1058 865 suus
1088 837 1172 865 nec
1203 822 1261 865 ab
1290 837 1346 865 eo
1377 822 1734 879 dampnificetur
1762 837 2067 880 perperamue

383 890 565 932 ledatur
581 891 834 946 proximus.
852 891 950 932 Nec
969 904 1054 932 sua
1071 890 1257 932 sordeat
1273 890 1322 932 in
1337 904 1529 932 munere
1545 904 1725 939 manus,
1741 889 1913 932 fedoue
1929 889 2067 932 feteat

383 958 431 998 in
445 956 604 998 fenore
619 956 813 1006 forulus,
829 956 1008 1013 sibique
1024 970 1208 1013 semper
1223 957 1281 998 sit
1296 957 1345 998 in
1358 956 1536 998 uditate
1550 956 1801 999 vilitatibus
1817 955 2067 1006 involutus;

383 1024 532 1080 sitque
552 1023 639 1065 sibi
658 1024 812 1080 quiuis
832 1037 943 1065 sane
962 1024 1115 1065 Deum
1135 1024 1301 1065 timens
1320 1024 1392 1065 vir
1409 1037 1519 1065 vera
1538 1024 1707 1065 virtute
1727 1022 1966 1080 gloriosus.

447 1090 518 1144 [6.]
541 1090 661 1132 hhiis
683 1091 837 1147 itaque
858 1091 1140 1132 coniunctim
1162 1090 1487 1132 disiunctimve
1509 1089 1749 1147 diligenter
1769 1090 2067 1147 investigatis,

383 1171 493 1199 sane
524 1163 710 1199 sensato
741 1157 926 1199 cuilibet
958 1157 1018 1199 de
1049 1157 1170 1199 facili
1201 1156 1499 1199 manifestum
1530 1156 1610 1199 fiet
1641 1157 1768 1214 quod
1801 1158 1850 1199 in
1880 1156 2067 1199 modico

383 1224 660 1266 secernibilis
675 1225 734 1266 sit
747 1238 774 1266 a
788 1223 1077 1266 derisibiliter
1091 1223 1312 1266 delirante
1326 1223 1402 1266 uel
1416 1223 1640 1266 infatuato
1653 1224 1861 1281 quisquis
1875 1224 1993 1266 seria
2006 1223 2067 1266 de

382 1291 690 1333 contractibus
707 1305 825 1348 quos
842 1291 1324 1348 premencionauimus
1341 1290 1581 1347 copulisue
1596 1290 1884 1348 nupcialibus
1900 1289 2067 1333 facien-

383 1364 477 1400 tem
505 1358 604 1400 fore
632 1363 786 1400 censet
814 1358 956 1400 verba
983 1358 1348 1415 vituperabilem.
1376 1358 1466 1400 Sed
1497 1358 1556 1400 de
1585 1363 1821 1415 postremo
1849 1359 2067 1415 precipue

382 1425 588 1483 quidem,
617 1426 859 1482 presertim
888 1439 996 1467 cum
1027 1425 1333 1482 philosophus
1363 1425 1674 1467 idem—mera
1701 1426 1773 1467 vir
1801 1426 1850 1467 in
1876 1425 2067 1467 veritate

383 1493 859 1549 gloriosus—omnem
872 1493 1112 1549 potestatis
1125 1492 1311 1534 arbitrio
1324 1492 1608 1549 precellentis
1620 1497 1665 1534 et
1677 1492 1886 1534 absolute
1897 1492 2067 1548 peritu—

382 1574 488 1601 rum
502 1559 601 1601 fore
616 1559 853 1616 perhibeat
867 1559 1093 1601 mendose
1107 1559 1386 1616 loquentem,
1401 1558 1622 1601 doloseve
1637 1559 1878 1608 iurantem,
1891 1558 2067 1601 falsane

382 1626 600 1668 fallaciter
624 1626 919 1675 inficiantem,
941 1640 1113 1668 veraue
1136 1626 1237 1668 solo
1261 1640 1357 1668 non
1379 1627 1428 1668 in
1450 1640 1562 1668 vero
1585 1625 1669 1668 sed
1694 1639 1911 1682 peruerse
1933 1639 2066 1667 secus

383 1698 676 1742 asserentem;
696 1707 790 1750 quo
809 1693 972 1735 talium
993 1693 1049 1749 (si
1067 1692 1220 1749 libeat)
1240 1692 1490 1735 verborum
1508 1692 1686 1735 subtilis
1705 1706 1888 1735 sumere
1906 1697 2067 1749 pergat

382 1760 626 1817 indagator
640 1774 695 1802 ex
711 1765 925 1810 scemate,
940 1760 1068 1817 quod
1085 1759 1309 1802 falsorum
1323 1774 1419 1802 non
1432 1761 1583 1802 omnis
1599 1764 1797 1802 assertor
1811 1773 1995 1816 semper
2008 1759 2068 1801 sit

382 1832 427 1870 et
454 1827 716 1869 indistincte
743 1827 958 1876 mendax,
985 1828 1103 1869 situe
1129 1828 1283 1884 quiuis
1310 1828 1359 1869 in
1383 1828 1574 1868 veritate
1599 1827 1867 1869 enunciator
1892 1826 2068 1883 passim

382 1894 710 1951 simpliciterne
724 1908 876 1936 verax.
892 1894 983 1936 Sed
998 1894 1086 1936 hiis
1102 1908 1291 1936 omnem
1306 1886 1434 1936 citra1
1452 1893 1792 1936 distinctionem
1806 1892 2067 1935 considera-

383 1953 473 2011 tis,²
501 1962 581 2018 qui
608 1966 767 2003 contra
797 1967 1001 2003 mentem
1028 1961 1150 2003 fatur
1192 1961 1276 2018 Ι4Ἳ
1316 1966 1385 2003 est
1414 1960 1627 2011 mendax;
1655 1961 1736 2017 qui
1762 1974 1875 2003 vero
1901 1973 2067 2003 verum

382 2028 585 2085 loquitur
599 2029 648 2070 in
660 2028 815 2078 corde,
829 2029 995 2085 quauis
1011 2028 1258 2070 amandata
1273 2028 1455 2084 longius
1469 2028 1756 2085 excepeione,
1769 2041 1878 2070 vere
1891 2026 2067 2069 videbi·

382 2101 457 2137 tur
475 2095 815 2152 bellissimeque
834 2095 1094 2137 censebitur
1112 2109 1214 2137 esse
1232 2109 1384 2137 verax.

446 2162 517 2217 [7.]
539 2162 630 2205 Sed
658 2168 703 2205 et
730 2162 899 2205 eodem
927 2168 1022 2205 tam
1050 2163 1269 2220 pertinaci
1295 2176 1437 2219 quam
1465 2161 1718 2219 theologice
1745 2160 2066 2219 philosophico

381 2231 585 2272 veritatis
611 2221 929 2287 astipulatore³
955 2229 1242 2272 manifestius
1269 2235 1512 2280 asserente,
1537 2230 1690 2286 quiuis
1716 2230 1765 2271 in
1787 2229 1883 2271 vita
1906 2228 2066 2271 videre

382 2298 482 2340 dies
512 2298 630 2340 velle
659 2298 846 2340 videtur
874 2297 1215 2354 vituperabiles,
1244 2298 1324 2354 qui
1353 2302 1518 2354 sponte
1548 2296 1859 2354 supersederit
1887 2310 1914 2339 a
1943 2295 2067 2338 malo

382 2365 625 2421 prohibere
644 2365 832 2421 liguam,
851 2365 992 2421 quiue
1012 2364 1130 2407 labia
1150 2365 1214 2407 sic
1234 2364 1560 2407 circumcidere
1579 2378 1664 2406 sua
1683 2364 1883 2406 renuerit
1901 2368 1954 2405 ut
1971 2376 2068 2405 non

382 2432 629 2489 loquantur
665 2432 841 2474 dolum.
877 2432 973 2474 Iam
1009 2431 1142 2474 dictis
1177 2432 1331 2489 itaque
1365 2445 1479 2473 sano
1515 2431 1812 2488 diligentique
1847 2430 2066 2472 scrutinio

382 2499 618 2549 discussis,
632 2513 743 2541 sane
757 2504 942 2541 sensato
957 2499 1130 2556 patebit
1143 2498 1272 2556 quod
1287 2499 1362 2541 vel
1375 2498 1638 2541 viuentibus
1653 2499 1957 2555 pernitiosum
1970 2510 2067 2540 non

382 2568 440 2609 sit
475 2567 723 2608 enormiter
759 2566 1095 2623 dampnificari,
1131 2566 1287 2608 fatoue
1322 2565 1490 2608 functis
1527 2565 1842 2622 dampnosum
1877 2578 1973 2607 non
2007 2565 2066 2606 sit

382 2633 640 2690 penalitatis
686 2633 1003 2690 perhennitate
1049 2634 1216 2690 puniri,
1261 2633 1337 2675 uel
1382 2632 1576 2690 perutile
1621 2632 2066 2688 saluberrimumque

381 2701 661 2757 spirantibus
682 2706 752 2742 est
773 2701 982 2742 animum
1002 2714 1111 2742 cum
1132 2700 1256 2757 ligua
1277 2699 1600 2742 matrimoniali
1620 2699 1777 2741 federe
1797 2698 2064 2741 firmissimo

381 2768 597 2817 maritari,
614 2767 959 2824 falsitatumque
977 2767 1200 2809 lenocinia
1217 2766 1399 2823 longius
1417 2780 1444 2808 a
1461 2766 1590 2808 labiis
1608 2765 1940 2822 mendaciaque
1955 2778 2064 2807 cum

454 2989 466 3011 ¹
483 2994 576 3028 circa
594 2995 616 3028 S

454 3043 467 3066 ²
483 3050 724 3084 consideratis
739 3050 789 3084 ed.

453 3100 467 3122 ³
483 3117 504 3141 a
521 3106 736 3153 stipulatore
753 3107 775 3141 S
