2132 3346
242 575 294 601 615

242 911 294 935 ⁶20

242 1243 293 1269 625

241 2586 293 2611 645

356 159 446 201 110
582 167 770 201 SERIUM
791 167 1097 201 SENECTuris

356 307 541 335 morose
560 297 866 335 reuertuntur.

420 359 520 413 [39.]
542 359 754 401 Habebat
774 364 931 401 autem
951 359 1173 401 Brennius
1193 360 1416 401 exercitus
1436 373 1491 401 ex
1510 360 1806 401 vniuersitate
1826 359 2038 416 peditum

355 417 705 482 quinquaginta¹
738 426 943 502 quinque
974 425 1112 467 milia.
1144 425 1386 467 Delforum
1416 439 1529 467 uero
1561 439 1846 482 suorumque
1876 439 2038 468 conso-

355 493 581 534 ciatorum
598 506 695 534 non
710 492 800 534 nisi
817 491 943 534 milia
961 491 1161 533 militum
1177 497 1376 548 quatuor
1393 497 1535 541 erant
1552 505 1752 568 quorum
1769 497 2038 549 contemptu

355 559 578 601 Brennius
597 558 658 601 ad
678 558 914 601 acuendos
933 572 1127 600 suorum
1146 557 1443 615 loquelaliter,
1460 563 1512 600 ut
1529 557 1596 608 fit,
1614 559 1793 601 animos
1811 559 1861 601 in
1877 559 2038 616 primis

356 625 566 668 omnibus
584 625 644 668 ad
662 624 855 683 prelium
873 625 1118 683 preparatis
1135 624 1275 683 prede
1292 630 1357 667 tot
1373 630 1417 667 et
1433 630 1576 667 tantas
1592 624 1812 668 vbertates
1830 624 2036 675 ostendit,

355 698 530 736 statuas
552 693 722 735 scilicet
741 707 851 735 cum
871 692 1108 750 quadrigis
1130 706 1329 750 quarum
1349 693 1506 749 copias
1526 707 1672 750 verpo
1694 692 2040 735 demonstrabat

356 760 531 803 directo
547 761 624 802 vix
641 759 949 802 numerabiles
967 759 1119 802 solido
1137 759 1378 802 dumtaxat
1393 773 1447 802 ex
1465 773 1579 802 auro
1595 759 1735 802 fusas.
1751 759 2039 816 Subsequen-

356 832 424 869 ter
445 828 495 869 in
516 826 724 884 pondere
746 826 891 883 prede
914 826 1062 868 multo
1085 826 1190 883 plus
1213 825 1312 868 fore
1333 840 1475 883 quam
1497 826 1614 868 foret
1636 826 1756 869 adeo
1777 825 2039 884 splendenti

356 893 537 936 dicebat
564 894 613 935 in
640 892 896 950 superficie.
925 892 1109 935 Talibus
1137 893 1275 950 igitur
1303 893 1473 935 incitati
1501 898 1687 950 tamque
1713 892 2038 935 verisimilibus

354 960 474 1003 Galli
489 961 798 1002 communiter
813 959 1163 1010 assercionibus,
1178 959 1318 1002 simul
1332 965 1377 1001 et
1393 959 1606 1001 hesterno
1623 973 1751 1002 mero
1767 965 2038 1002 manetenus

354 1028 622 1069 continuato
657 1027 767 1069 satis
801 1032 846 1069 et
880 1026 941 1069 ad
975 1026 1251 1069 habundans
1284 1025 1437 1068 adhuc
1471 1025 1696 1076 inundati,
1728 1025 2039 1082 periculorum

355 1094 606 1151 quemlibet
638 1095 749 1136 citra
782 1099 1045 1151 respectum
1078 1094 1347 1135 cateruatim
1379 1098 1520 1135 ruunt
1552 1107 1713 1135 omnes
1747 1094 1796 1134 in
1827 1092 2037 1150 prelium.

355 1161 532 1202 Uerum
557 1160 648 1202 deo
673 1174 760 1202 suo
784 1160 905 1202 Delfi
929 1160 1034 1217 plus
1059 1159 1257 1202 fidentes
1282 1160 1330 1201 in
1352 1159 1484 1201 Delio
1508 1173 1649 1215 quam
1673 1160 1769 1201 suis
1793 1160 1842 1201 in
1863 1158 2038 1201 viribus

355 1226 870 1269 consubsidianciumve
898 1226 985 1269 sibi
1011 1240 1221 1275 numero,
1248 1239 1344 1268 non
1369 1227 1467 1267 sine
1495 1225 1652 1267 derisu
1678 1230 2038 1282 contemptuque

355 1293 442 1336 sibi
459 1293 887 1343 coaduersancium,
905 1307 991 1336 sua
1009 1307 1095 1350 pro
1113 1292 1414 1350 possibilitate
1430 1298 1598 1335 conatu
1616 1293 1824 1335 resistere
1842 1293 2039 1349 pertina-

355 1362 541 1404 cissimo
579 1365 888 1418 perseuerant.
927 1361 1126 1403 Ruentes
1162 1359 1320 1403 Gallos
1358 1360 1565 1417 prerupti
1601 1360 1770 1402 montis
1807 1373 1834 1402 a
1869 1359 2039 1402 vertice

355 1442 543 1470 summo
575 1428 785 1485 sequenti
818 1428 987 1485 partim
1019 1442 1144 1477 saxo,
1177 1426 1303 1469 fatali
1335 1428 1503 1484 partim
1534 1426 1655 1469 ferro
1687 1427 1781 1469 vite
1813 1425 2040 1469 subsolari

355 1495 615 1538 subducere
634 1495 863 1537 festinant.

420 1562 519 1618 [40.]
542 1563 594 1605 In
604 1577 661 1605 eo
674 1563 738 1605 sic
750 1553 1140 1605 concertancium²
1151 1562 1303 1619 primo
1314 1562 1575 1611 certamine,
1587 1560 1867 1618 templorum
1878 1574 2039 1618 repen-

356 1636 400 1673 te
425 1622 578 1687 (sicut³
601 1622 869 1687 peribetur4)
894 1630 1221 1672 vniuersorum
1242 1628 1381 1671 simul
1404 1629 1625 1671 antistites
1649 1642 1829 1671 necnon
1871 1633 1916 1670 et
1938 1628 2039 1685 ipse

354 1703 484 1740 vates
498 1689 690 1754 sparsis⁵
701 1697 918 1746 crinibus,
944 1698 951 1754 Ι
965 1696 1041 1739 24ν
1055 1697 1061 1753 Ι
1086 1696 1433 1753 insignibusque
1446 1696 1614 1753 pariter
1626 1701 1671 1738 et
1683 1694 1838 1738 infulis
1850 1708 2040 1752 compo-

356 1765 462 1814 titis,
462 1756 481 1784 ⁶
499 1764 666 1841 pauidi
688 1778 870 1807 necnon
891 1769 936 1806 et
958 1763 1182 1806 vecordes
1205 1764 1405 1820 primam
1426 1763 1830 1819 conpugnancium
1852 1775 2040 1819 procur-

355 1836 462 1873 runt
496 1832 545 1873 in
577 1832 735 1873 aciem.
770 1831 924 1873 Deum
957 1830 1123 1873 clarius
1157 1830 1403 1872 advenisse
1435 1829 1722 1872 conclamant
1755 1842 1956 1885 eumque
1989 1841 2039 1870 se

354 1897 529 1940 vidisse
549 1889 857 1940 desilientem⁷
874 1911 958 1954 per
975 1902 1133 1954 aperta
1151 1896 1394 1939 culminis
1382 1910 1430 1938 m
1447 1895 1674 1952 templum
1691 1895 1886 1952 fastigia,
1903 1894 2040 1937 dum-

355 1978 446 2021 que
473 1965 606 2021 quasi
632 1978 863 2006 consensu
890 1963 1188 2006 confederato
1215 1963 1452 2005 communi
1479 1962 1641 2005 Delfici
1668 1962 1871 2004 numinis
1898 1975 2038 2018 opem

355 2031 623 2088 suppliciter
637 2030 936 2088 implorarent
949 2031 1167 2080 vniuersi,
1181 2031 1399 2072 iuuenem
1412 2034 1604 2072 cernunt
1616 2029 1874 2071 humanum
1888 2028 2039 2086 preui-

355 2098 475 2154 legio
494 2112 636 2154 supra
655 2097 854 2140 modum
872 2097 1227 2154 pulchritudinis
1247 2097 1529 2153 insignitum,
1548 2096 1666 2138 duas
1685 2096 1830 2138 eciam
1847 2095 2038 2137 comites

355 2166 397 2207 ei
414 2166 615 2222 virgines
633 2164 848 2207 videlicet
866 2170 1065 2206 armatas
1083 2178 1138 2206 ex
1156 2164 1428 2221 propinquis
1446 2163 1625 2212 edibus,
1642 2163 1853 2205 Minerue
1869 2161 2039 2204 scilicet

355 2238 400 2275 et
413 2233 588 2290 Dyane,
603 2231 787 2274 duabus
802 2246 1052 2274 occurrere.
1067 2232 1166 2273 Nec
1180 2230 1325 2273 oculis
1340 2230 1445 2272 talia
1460 2236 1639 2272 tantum
1655 2230 1711 2286 (si
1723 2229 1976 2272 vacillantis
1991 2229 2040 2271 in

354 2301 431 2342 via
456 2300 660 2342 veritatis
686 2299 830 2342 verbo
856 2299 975 2342 fides
1002 2304 1071 2342 est
1097 2298 1310 2341 habenda
1334 2297 1592 2354 vetustatis)
1620 2298 1858 2354 inspexere
1883 2295 1967 2339 sed
1993 2300 2038 2338 et

355 2382 548 2409 arcuum
574 2367 796 2409 stridores
823 2380 1153 2423 armorumque
1178 2366 1396 2423 strepitus
1423 2365 1622 2407 audiere.
1650 2364 1846 2407 Proinde
1872 2363 2038 2406 talibus

355 2436 527 2477 incitati
540 2448 598 2476 ne
611 2448 732 2476 vana
746 2434 1015 2477 viderentur
1029 2433 1357 2491 desperacione
1370 2433 1585 2482 cunctari,
1598 2445 1706 2474 cum
1720 2433 1812 2473 iam
1827 2444 1909 2488 per
1923 2430 2037 2472 deos

355 2503 487 2559 quasi
521 2516 607 2559 pro
641 2502 784 2558 signis
818 2501 879 2544 ad
914 2501 1112 2559 prelium
1147 2500 1448 2558 procedentes
1483 2513 1532 2542 se
1565 2503 1799 2541 cernerent
1833 2498 2038 2547 animari,

354 2569 543 2611 viriliter
568 2569 725 2611 hostes
751 2569 916 2611 cedere
941 2582 1083 2625 seque
1109 2568 1307 2611 deorum
1332 2568 1521 2609 victorie
1547 2567 1760 2623 vegecius
1787 2565 2038 2621 adiungere

428 2768 440 2791 ¹
457 2773 728 2820 quinquaginta
746 2774 781 2814 S,
797 2773 985 2819 sexaginta
1001 2772 1109 2816 lustin

428 2823 441 2846 ²
456 2829 766 2864 constertancium
784 2830 807 2863 S

427 2879 442 2902 ³
457 2886 551 2920 sicut
566 2886 615 2920 ed.

427 2936 441 2958 ⁴
458 2941 671 2988 per-ibentur
686 2942 709 2975 S

427 2992 442 3014 ⁵
457 2997 594 3044 sparsis
608 2997 731 3040 lustin,
746 2996 863 3043 sparsi
881 2997 904 3030 S

427 3047 442 3069 ⁶
456 3053 649 3099 compotiti
666 3054 689 3087 S

428 3102 442 3124 ⁷
457 3109 691 3144 desilientem
706 3108 828 3152 lustin,
843 3108 1037 3143 desiliente
1053 3108 1076 3142 S
