2132 3346
259 1177 294 1203 ³5

258 1847 292 1871 45

257 2520 292 2545 55

357 160 447 201 164
583 167 771 201 SERIUM
792 168 1097 202 SENECTUTIS

355 291 530 334 verbali
549 292 799 334 stoliditate
818 293 1044 349 presumit
1062 294 1194 334 cuius
1214 286 1428 335 assercio¹
1450 308 1638 336 omnem
1657 294 1862 337 subsistit
1881 300 2039 337 contra

356 359 589 401 racionem
621 358 1005 415 probacionisque
1036 360 1148 401 citra
1180 359 1456 409 subsidium,
1488 361 1728 416 presertim
1761 360 1877 403 dum
1909 361 2037 418 quod

357 426 578 466 assertiue
614 425 967 481 pronunciando
1004 439 1177 482 ponere
1212 427 1360 482 pergit
1396 427 1610 468 anxioma
1645 440 1741 469 non
1775 428 1834 469 sit
1869 428 2038 470 artisue

356 492 649 548 principium,
669 491 886 533 locumue
906 491 983 533 uel
1003 493 1127 533 vices
1148 493 1371 534 sorciatur
1391 485 1785 549 preambularum²
1804 494 1970 550 quauis
1991 495 2040 536 in

356 563 452 600 arte
466 559 762 615 peticionum.
776 559 870 610 Qui
883 558 1075 615 quidem
1088 564 1281 601 conatur
1294 564 1497 601 astruere
1510 559 1638 616 quod
1653 565 1721 602 tot
1734 561 1850 602 inter
1863 561 2038 617 spiran-

355 626 425 668 cia
442 625 684 668 dumtaxat
700 625 901 668 hominis
918 627 1072 668 anima
1089 627 1147 668 sit
1163 626 1486 669 inmortalitate
1503 626 1802 684 priuilegiata,
1818 627 2039 685 quodque

355 693 481 735 Deus
498 694 710 735 omnium
725 693 784 735 sit
798 707 920 735 vnus
937 693 1172 735 arbitraria
1188 693 1315 735 solus
1331 699 1556 751 potestate
1572 694 1901 751 priuilegiatus,
1915 700 1961 737 et
1977 694 2038 737 ad

356 774 410 802 ea
442 761 648 802 cuiusuis
681 761 793 803 citra
825 761 1020 803 racionis
1053 761 1393 817 inspeccionem
1425 767 1557 803 motu
1588 761 1850 804 voluntario
1882 767 2038 805 motus

355 827 517 869 volens
537 827 598 869 ad
618 827 922 869 asserendum
940 828 1067 870 venit
1086 833 1284 870 assertor
1302 828 1444 870 velud
1464 825 1800 871 exfrontissirne
1818 829 2038 886 pertinax,

355 894 861 951 experimentaliterque
871 900 1022 936 certus
1035 896 1317 951 omninoque
1328 896 1475 937 sciens
1487 901 1532 937 et
1543 895 1776 945 indubius,
1787 895 2039 938 subsanna-

355 960 503 1002 biliter
528 975 640 1002 suos
666 960 1142 1017 cachynnabiliterque
1168 961 1409 1003 delirando
1436 961 1649 1018 detegere
1675 963 1823 1018 pergit
1848 967 2038 1011 erratus,

355 1028 597 1083 presertim
608 1042 716 1069 cum
728 1027 854 1069 nulla
865 1028 1048 1069 racione
1059 1027 1463 1070 fundamentaliter
1474 1028 1622 1077 firma,
1633 1027 2040 1085 superficialiterue

356 1093 594 1150 probabili,
628 1093 996 1135 verisimiliterue
1031 1108 1142 1135 sana
1177 1094 1454 1151 superficiali
1489 1109 1573 1136 sua
1608 1095 1666 1136 sit
1701 1096 1749 1136 in
1782 1095 2039 1136 assercione

355 1160 676 1217 subpodiatus.

419 1227 490 1282 [2.]
513 1229 657 1284 Atqui
677 1227 874 1270 diuersis
896 1227 1190 1270 diuersorum
1210 1220 1559 1284 philosophicis³
1578 1229 1626 1270 in
1644 1229 1872 1270 exerciciis
1892 1228 2039 1285 philo-

355 1294 613 1352 sophorum
629 1296 959 1352 precipuorum
976 1300 1085 1337 sunt
1102 1296 1211 1337 satis
1227 1300 1336 1337 note
1352 1300 1397 1337 et
1414 1309 1441 1337 a
1459 1295 1665 1338 discretis
1683 1295 1835 1338 adhuc
1853 1295 2038 1338 triuiali-

355 1367 423 1403 ter
442 1363 566 1411 satis,
583 1362 949 1418 compitaliterue
969 1363 1071 1404 trite
1091 1362 1380 1404 diuersitates
1399 1363 1687 1418 opinionum,
1704 1363 2038 1419 varietatesque

355 1429 693 1470 sentenciarum
717 1429 836 1470 circa
862 1428 1169 1470 diffiniciones
1196 1429 1348 1470 anime
1372 1429 1448 1470 uel
1474 1429 1811 1485 descripciones
1836 1429 2038 1471 humane

354 1496 481 1537 varia
495 1495 837 1545 diducencium,
851 1495 1030 1552 sibique
1043 1496 1236 1538 scienter
1249 1496 1298 1538 in
1310 1496 1462 1538 anime
1475 1495 1735 1538 substancia
1747 1495 1824 1538 uel
1837 1495 2038 1552 descrip-

354 1563 485 1605 cione
506 1562 852 1605 dissidencium.
873 1563 943 1605 Sic
964 1563 1118 1620 itaque
1138 1563 1224 1605 sibi
1244 1564 1437 1605 scienter
1456 1563 1810 1605 aduersancium
1829 1562 2038 1605 falsitatis

354 1631 673 1672 commenticie
687 1630 764 1672 uel
778 1630 1097 1672 mendacitatis
1113 1630 1235 1672 cedit
1249 1631 1298 1672 in
1311 1636 1649 1687 argumentum,
1664 1631 2038 1687 presumpciona-

354 1696 470 1739 lisue
495 1698 621 1739 venit
646 1698 812 1739 erroris
838 1697 899 1739 ad
925 1689 1239 1739 innuitiuum!²
1264 1698 1334 1739 Sic
1360 1698 1510 1753 igitur,
1534 1711 1628 1754 quo
1653 1697 1751 1739 sola
1777 1697 2037 1753 subponere

355 1778 546 1820 pergam
569 1763 861 1805 diouolaliter
882 1769 992 1806 nota
1015 1765 1335 1820 remociusque
1357 1765 1472 1805 meis
1495 1765 1613 1805 nitar
1635 1765 1683 1805 in
1704 1763 2038 1805 assercionibus

354 1830 605 1872 amandare
649 1830 761 1887 {43¹1
803 1830 1059 1880 mendacia,
1090 1831 1384 1872 diuersorum
1414 1830 1623 1872 diuersas
1653 1830 2039 1887 philosophorum

354 1898 608 1939 sentencias
636 1898 789 1939 anime
816 1897 876 1939 de
903 1898 994 1939 situ
1021 1897 1096 1939 uel
1122 1898 1366 1939 existencia
1393 1911 1564 1954 ponere
1590 1911 1794 1954 pergam,
1819 1898 2038 1953 variaque

353 1965 703 2007 contencionum
717 1965 1168 2021 corrixacionumque
1182 1965 1432 2007 seminaria.
1449 1965 1689 2006 Rarissime
1704 1978 1860 2006 reuera
1874 1978 2037 2006 verum

354 2031 452 2074 fore
483 2033 735 2088 reperietur
765 2032 1197 2088 cognicionaliterue
1227 2037 1404 2074 certum
1434 2031 1562 2088 quod
1594 2022 1888 2073 antinomias⁵
1919 2032 2038 2088 parit

354 2099 660 2155 materiasque
695 2104 855 2140 mouet
890 2098 1256 2140 altercacionum.
1291 2099 1361 2140 Sic
1396 2099 1563 2155 itaque,
1596 2112 1704 2140 cum
1738 2099 1825 2139 viri
1858 2103 2036 2139 veteres

354 2164 829 2222 philozophaliterque
866 2166 1037 2208 sensati
1073 2165 1334 2207 nullatenus
1371 2166 1420 2207 in
1455 2166 1606 2207 anime
1643 2164 1926 2207 diffinicione
1961 2163 2037 2206 uel

354 2233 598 2275 existencia
628 2233 808 2290 geniali,
837 2233 914 2275 uel
943 2234 992 2275 in
1020 2224 1365 2275 conueniencie⁶
1394 2232 1646 2275 luculencia
1676 2232 1762 2275 sibi
1791 2232 2037 2274 convenire

354 2301 626 2357 potuissent,
649 2305 701 2343 ut
724 2314 886 2343 omnes
911 2314 937 2343 a
961 2314 1010 2343 se
1034 2301 1255 2342 remotius
1279 2291 1574 2342 antinomias⁷
1595 2299 2036 2342 contradiccionum-

353 2382 444 2425 que
458 2367 751 2410 diductiones
767 2368 1083 2417 amandarent,
1096 2369 1173 2410 vix
1188 2373 1257 2410 est
1271 2367 1399 2424 quod
1415 2367 1748 2409 modernorum
1762 2372 1857 2409 tam
1871 2367 2037 2423 supine

354 2435 667 2493 simplicitates
682 2440 727 2477 et
742 2436 1004 2493 ignorancie
1018 2435 1314 2477 diffinicionis
1330 2436 1481 2477 anime
1496 2434 1744 2492 genialisve
1757 2434 2036 2491 cognicionis

354 2502 414 2545 ad
428 2504 671 2545 existencie
685 2502 1021 2560 perfeccionem
1035 2503 1292 2560 pertingere
1305 2503 1495 2560 possint.
1510 2503 1715 2559 Excipias
1729 2502 1866 2559 igitur
1879 2506 2037 2543 auten-

427 2770 438 2792 ¹
455 2774 672 2809 assercionis
688 2775 712 2809 S

426 2824 440 2847 ²
456 2831 833 2877 preambularumque
849 2832 873 2865 S

425 2880 440 2903 ³
456 2887 613 2921 diuersis
631 2914 638 2921 .
653 2914 661 2921 .
676 2914 683 2921 .
700 2886 980 2933 philosophicis]
998 2887 1146 2921 diuersa
1164 2913 1171 2921 .
1186 2913 1193 2921 .
1208 2913 1216 2921 .
1232 2886 1478 2933 philosophus
1495 2887 1517 2920 S

425 2937 440 2958 ⁴
456 2942 658 2976 inuitiuum
675 2943 698 2976 S

426 2992 440 3015 ⁵
455 2998 679 3032 antimonias
696 2999 719 3032 S

425 3047 440 3069 ⁶
455 3054 494 3088 in
509 3053 787 3097 conueniencie]
805 3053 1109 3088 inconueniencie
1125 3054 1148 3088 S

426 3103 441 3126 ⁷
455 3110 680 3145 antimonias
696 3111 719 3144 S
