2132 3346
240 1240 292 1264 590

242 1576 293 1600 595

245 2583 296 2608 610

351 154 440 195 108
578 160 766 194 SERIUM
787 160 1092 194 SENECTUTIS

352 277 823 342 admiracionemque1
843 284 1134 341 frequencius
1154 285 1355 326 incutere
1375 284 1491 326 solet
1509 283 1756 326 insolencia
1774 289 2034 326 consterna-

352 354 422 396 tis.

416 419 516 474 [37]
539 421 590 462 In
610 434 667 462 eo
689 420 819 476 rupis
844 418 1025 475 (theatri
1045 418 1260 460 videlicet
1281 419 1329 460 in
1349 417 1548 460 formam
1569 417 1790 473 cedentis)
1814 416 2034 466 anfractu,

352 487 507 530 media
542 486 688 529 ferme
723 487 894 528 montis
931 487 980 527 in
1014 485 1268 534 altitudine,
1304 485 1521 542 planicies
1557 498 1658 526 esse
1693 484 1836 526 fertur
1870 485 2034 540 exigua

352 554 591 596 foraminis
604 555 653 595 in
663 552 980 610 profunditate
991 552 1238 594 cuiusdam
1249 551 1538 593 cernentibus
1551 565 1577 593 a
1589 552 1763 593 cunctis
1775 555 2035 593 consterna-

352 621 500 663 biliter
521 621 760 662 admirata.
783 619 926 671 Quod
949 619 1068 661 adeo
1091 618 1380 676 profundum
1402 623 1519 660 terre
1540 618 1749 660 foramen
1770 619 1818 659 in
1838 617 2034 659 oraculis

353 693 509 745 patere
538 687 815 744 perhibetur.
845 687 908 728 Ex
937 700 1031 743 quo
1060 685 1256 742 frigidus
1285 686 1417 742 quasi
1444 686 1570 727 venti
1598 684 1735 726 ssatus
1764 685 1812 726 in
1839 684 2035 726 sublime

352 754 495 796 velud
523 753 744 810 expulsus
786 752 904 810 Ι23Ἴ
942 758 1106 794 vatum
1132 757 1309 794 vertere
1335 757 1512 794 mentes
1541 752 1589 793 in
1613 750 1880 793 vecordiam
1906 750 2036 799 solet,

353 821 658 878 impletasque
686 811 796 862 deo²
823 833 1046 876 responsa
1072 818 1416 861 consulentibus
1444 818 1555 860 dare
1581 819 1683 874 cogi
1710 817 1938 859 dicuntur.
1964 817 2035 859 Sic

353 889 491 944 igitur
506 887 568 929 ibi
583 887 729 929 multa
744 887 1008 943 principum
1023 885 1398 942 populorumque
1414 884 1605 926 donaria
1619 885 1833 925 visuntur
1846 883 2037 939 opulen-

354 959 399 996 ta
424 967 709 1010 muneraque
734 967 820 1009 pro
845 952 1126 994 donatorum
1150 952 1369 993 varietate
1393 950 1688 992 varietatibus
1714 949 2036 998 diuersificata,

353 1035 444 1077 que
462 1019 810 1077 magnificencia
828 1020 902 1060 sui
921 1024 1098 1075 gratam
1117 1018 1398 1060 donatorum
1416 1017 1629 1074 detegere
1647 1021 1975 1058 mansuescunt
1991 1020 2037 1057 et

354 1102 520 1130 manus
546 1092 591 1129 et
617 1087 759 1129 animi
784 1085 1168 1135 munificenciam,
1194 1076 1379 1141 deique³
1405 1085 1501 1126 suis
1527 1083 1724 1140 prodere
1748 1083 1966 1125 videntur
1990 1083 2038 1124 in

354 1155 588 1212 responsis
609 1154 859 1196 maiestatis
879 1154 1175 1209 veritatisque
1195 1153 1512 1194 sinceritatem.

419 1221 518 1277 [38.]
540 1223 718 1264 Uerum
752 1221 989 1270 Brennius,
1023 1226 1075 1262 ut
1109 1219 1170 1262 ad
1205 1233 1314 1261 eum
1348 1224 1646 1268 reuertamur,
1681 1217 1941 1275 Appollinis
1977 1217 2036 1259 de

355 1289 524 1332 deitate
553 1289 617 1331 nil
645 1289 836 1331 omnino
865 1302 1030 1330 curans
1059 1287 1136 1329 uel
1164 1287 1224 1329 de
1253 1287 1500 1343 responsis,
1529 1285 1816 1342 ducibusque
1843 1299 1961 1342 quos
1990 1285 2038 1326 in

355 1358 620 1399 societatem
649 1356 793 1413 prede
821 1355 908 1397 sibi
935 1356 1226 1412 preiunxerat
1255 1354 1454 1402 duobus,
1482 1353 1598 1395 dum
1626 1366 1815 1410 prorsus
1843 1353 2038 1409 inparati

354 1424 505 1466 forent
532 1424 688 1466 hostes
717 1429 762 1465 et
791 1422 1022 1465 aduentus
1050 1421 1298 1464 insolencia
1326 1427 1587 1477 terroreque
1615 1421 1806 1462 recentis
1833 1419 2037 1461 hostium

354 1492 645 1540 consternati,
664 1504 818 1532 moras
837 1489 1140 1532 suadentibus
1159 1489 1382 1544 euestigio
1401 1488 1582 1544 longius
1601 1487 1852 1535 amandari,
1869 1487 2037 1542 raptim

355 1572 659 1615 prorumpere
685 1562 903 1614 properat
929 1556 989 1598 ad
1016 1570 1156 1598 arma.
1182 1555 1272 1597 Sed
1299 1556 1391 1596 iam
1416 1554 1656 1596 Gallorum
1681 1553 1844 1609 wlgus,
1870 1553 2037 1609 inopiis

356 1624 575 1666 affectum
593 1629 714 1666 retro
732 1623 1175 1679 fatigacionibusque
1194 1622 1397 1670 diutinis,
1414 1621 1494 1662 ubi
1511 1622 1715 1677 primum
1731 1621 1842 1661 vino
1858 1619 2038 1661 ceteris·

355 1705 446 1748 que
466 1705 557 1747 que
576 1692 670 1732 vite
692 1695 800 1732 sunt
821 1689 881 1731 ad
902 1703 1042 1731 vsum
1063 1703 1168 1730 rura
1190 1702 1397 1730 summas
1419 1687 1478 1729 ad
1499 1686 1844 1728 habundancias
1865 1685 2038 1727 invenit

356 1757 626 1815 affatimque
652 1756 830 1806 referta,
855 1771 951 1798 non
975 1757 1129 1798 minus
1155 1754 1476 1797 habundancia
1502 1768 1643 1811 quam
1667 1753 1856 1795 victoria
1882 1751 2039 1801 letum,

356 1840 439 1882 per
458 1840 608 1882 agros,
628 1839 710 1882 per
728 1824 861 1866 villas
881 1829 926 1866 et
946 1838 1052 1866 rura
1072 1838 1122 1865 se
1141 1827 1416 1879 sparserant,
1436 1821 1720 1877 desertisque
1739 1820 1880 1876 signis
1900 1818 2039 1861 simul

356 1898 401 1935 et
426 1892 681 1941 ordinibus,
707 1891 768 1934 ad
795 1890 1067 1947 occupanda
1093 1904 1183 1947 que
1209 1890 1406 1946 reperire
1432 1893 1642 1945 poterant
1666 1889 1881 1930 Vniuersa
1907 1887 2039 1943 quasi

355 1961 552 2001 victores
584 1960 784 2015 vagique
818 1957 1146 2000 discurrebant.
1180 1958 1273 2007 Qui
1306 1956 1556 2004 discursus,
1589 1955 1704 1996 dum
1737 1953 1926 2010 Delphis
1959 1953 2040 1994 dat

357 2026 647 2076 dilacionem,
673 2026 868 2068 Brennio
895 2015 1244 2081 sodalibusque‘¹
1270 2024 1366 2065 suis
1394 2022 1578 2065 duobus
1605 2021 1864 2064 admodum
1891 2020 2040 2077 perni-

356 2095 510 2136 ciosus
540 2093 627 2136 fuit
657 2098 702 2135 et
732 2092 1059 2135 infructuosus.
1090 2092 1306 2148 Namque
1337 2090 1452 2132 dum
1481 2088 1721 2132 Gallorum
1750 2087 1914 2144 wlgus,
1943 2087 2040 2129 vini

356 2161 683 2204 voracitatibus
730 2150 1091 2203 esculentorum5
1138 2173 1234 2201 non
1280 2159 1433 2200 minus
1481 2148 1641 2214 quam⁶
1687 2155 2040 2214 poculentorum

357 2229 754 2286 superfluitatibus
778 2228 1038 2284 indulgens,
1062 2228 1210 2284 pergit
1233 2226 1497 2283 protrahere
1521 2238 1674 2267 moras
1698 2237 1808 2280 sepe
1831 2235 2039 2265 morosas

357 2298 472 2339 meri
498 2311 580 2354 per
606 2295 1094 2353 superhabundancias
1135 2293 1247 2351 124¹!
1285 2293 1487 2350 aliquam
1513 2292 1595 2334 diu
1622 2291 1881 2349 protelatas,
1907 2289 2040 2339 Delfi,

357 2364 663 2406 finitimorum
688 2363 864 2405 viribus
891 2368 936 2404 et
963 2362 1141 2404 auxiliis
1169 2361 1255 2403 sibi
1282 2360 1506 2402 socialiter
1532 2359 1792 2401 adlateratis
1820 2358 2040 2413 sagaciter

358 2432 493 2481 aucti,
510 2445 645 2473 suam
663 2429 802 2472 simul
820 2431 868 2472 in
885 2430 1046 2486 primis
1063 2428 1226 2470 vrbem
1245 2433 1392 2470 tutam
1409 2432 1635 2483 quatenus
1654 2430 1842 2482 possent
1861 2424 2040 2466 munire

358 2503 556 2556 pergunt
574 2498 635 2540 ad
654 2498 918 2546 tuicionem,
936 2496 1053 2538 dum
1070 2495 1203 2545 Galli,
1220 2496 1331 2537 vino
1347 2494 1475 2536 velut
1493 2493 1636 2550 prede
1654 2491 2040 2534 manubiorumue

359 2565 682 2608 dulcedinibus
704 2554 1054 2613 incumbentes,⁷
1074 2564 1151 2605 vix
1172 2562 1232 2604 ad
1254 2563 1398 2619 signa,
1419 2574 1697 2617 morosoque
1717 2573 1845 2601 mero
1866 2558 2040 2615 fatigati

432 2764 443 2786 ¹
461 2779 549 2815 -que
565 2769 613 2803 ed.

432 2818 445 2840 ²
462 2825 535 2859 deo
549 2824 671 2868 Justin,
686 2834 750 2858 om.
769 2825 792 2858 S

431 2875 446 2897 ³
462 2881 598 2928 deique
615 2882 650 2922 S,
665 2881 823 2915 deorum
838 2880 947 2924 lustin

432 2932 446 2954 ⁴
462 2947 550 2983 -que
565 2936 614 2971 ed.

432 2987 446 3010 ⁵
461 2993 810 3039 esculentorumque
826 2985 862 3026 S¹

432 3043 447 3066 ⁶
462 3060 576 3096 quam
592 3049 641 3084 ed.

433 3100 448 3122 ⁷
463 3106 719 3141 incumbentes
736 3107 770 3146 S,
787 3105 1004 3140 incubantes
1019 3103 1126 3148 lustin
