2132 3346
266 421 300 446 75

263 1088 298 1113 85

263 1758 297 1783 95

245 2094 297 2119 100

245 2431 296 2456 105

361 137 451 179 176
588 145 775 179 SERIUM
796 146 1102 180 SENECTUTIS

361 271 525 328 populi
539 270 712 314 bouem
726 271 813 314 sibi
827 271 926 314 fore
942 271 1086 314 deum
1101 271 1320 329 profiteri,
1334 286 1442 314 cum
1458 286 1508 314 se
1522 273 1586 314 sic
1602 277 1697 315 tam
1712 272 2042 316 subsannabili-

361 343 430 380 ter
443 337 710 395 profitendo
724 338 846 380 boue
861 338 1062 381 multum
1077 338 1353 381 deteriorem
1367 339 1606 396 multoque
1620 340 1876 382 citeriorem
1888 354 2043 382 cense-

361 419 410 447 re
428 404 643 447 videatur
662 419 745 462 per
763 406 1147 462 consequenciam
1167 405 1335 447 debere
1353 407 1540 448 censeri.

425 471 496 526 [6.]
518 472 673 514 Nemo
704 486 875 529 nempe
904 472 1331 515 commendabiliter
1362 473 1483 515 scius
1516 472 1606 515 deo
1638 487 1688 515 se
1719 487 1806 515 suo
1837 473 2043 530 profiteri

361 538 498 580 debet
514 538 621 595 plus
637 538 990 595 equilibriterue,
1007 539 1090 581 sed
1108 540 1156 581 in
1171 531 1380 581 sciencia¹
1399 540 1653 595 presertim,
1669 540 1952 596 potenciave,
1967 540 2044 582 uel

360 606 606 661 sagacitate
627 605 919 662 priuilegiari.
941 606 1116 647 Reuera
1136 619 1245 647 vere
1265 606 1511 647 minimum
1533 605 1689 648 differt
1709 606 1768 648 ab
1787 607 2043 656 insanienti,

360 672 400 713 si
415 677 571 713 tamen
585 671 725 713 michi
739 671 860 714 fides
875 677 945 713 est
960 671 1174 714 habenda
1189 673 1253 714 sic
1269 673 1559 722 examinanti,
1574 673 1654 729 qui
1669 673 1735 714 rei
1749 686 1835 729 pro
1851 672 1942 714 deo
1957 672 2043 714 sibi

360 738 628 795 suppliciter
652 738 713 780 ad
738 738 1101 795 supplicandum
1125 744 1277 795 potest
1301 738 1506 781 inclinari
1530 753 1580 781 se
1604 738 1740 796 longe
1763 738 1903 781 simul
1925 744 1971 781 et
1995 740 2044 781 in

360 806 571 862 potencia
592 806 871 862 scientiaque
892 806 1100 847 citeriori.
1121 806 1232 847 Non
1251 810 1407 847 autem
1428 805 1570 847 semel
1590 811 1770 848 tantum
1790 819 1902 862 gens
1923 805 2043 848 adeo

360 877 468 914 tunc
489 871 655 914 nobilis
676 871 889 928 adeoque
909 885 997 914 suo
1017 873 1174 928 sepius
1195 885 1222 914 a
1242 872 1342 914 Deo
1362 872 1625 914 mirabiliter
1644 871 2043 929 subsidialiterque

360 938 575 980 solaciata
609 938 832 980 bouinam
866 952 952 995 pro
987 938 1078 980 deo
1112 938 1415 980 vitulinamve
1448 938 1647 980 formam
1681 944 1940 980 reuerenter
1973 944 2042 981 est

360 1004 769 1061 geniculariterque
788 1010 1019 1054 venerata,
1039 1004 1271 1047 sacrificiis
1291 1006 1436 1047 eciam
1456 1005 1595 1047 simul
1614 1010 1659 1047 et
1678 1004 2042 1062 supplicantibus

360 1071 531 1113 diuinis
546 1076 591 1113 et
606 1071 935 1113 exibicionibus
950 1077 1020 1113 est
1034 1077 1291 1128 prosecuta,
1306 1071 1422 1113 dum
1438 1071 1558 1114 duos
1574 1071 1736 1129 populi
1751 1071 1841 1114 deo
1855 1086 1943 1114 suo
1957 1071 2043 1114 sibi

360 1144 455 1181 tam
472 1140 729 1196 propiciato
747 1144 842 1181 tam
860 1139 1242 1181 subsannabiliter
1258 1139 1546 1196 ingratificati
1563 1139 1980 1196 supplicacionibus
1997 1145 2042 1181 et

358 1207 480 1248 votis
503 1206 649 1248 boues
673 1206 750 1248 uel
772 1206 943 1248 vitulos
970 1206 1133 1263 (vnum
1155 1206 1369 1248 videlicet
1393 1207 1440 1248 in
1462 1207 1577 1256 Dan,
1601 1207 1649 1248 in
1671 1206 1826 1249 Bethel
1848 1206 2043 1249 alterum

359 1273 570 1330 positos),
581 1273 759 1315 homini
771 1273 908 1330 longe
920 1273 1135 1315 licencius
1148 1273 1472 1315 satisfaciendo
1484 1288 1624 1330 quam
1637 1274 1723 1315 sibi
1735 1273 2042 1331 spiritualissi-

359 1355 435 1383 me
454 1340 793 1397 pregratificato
813 1354 1023 1390 numero,
1041 1340 1300 1383 voluntarie
1319 1346 1427 1382 sunt
1447 1342 1688 1397 prosecuti.

423 1407 494 1462 [7.]
516 1408 607 1450 Sed
622 1413 667 1450 et
681 1408 939 1450 eorundem
955 1413 1050 1450 tam
1063 1408 1432 1450 cachinnabiliter
1447 1408 1776 1450 infatuatorum
1790 1409 2043 1450 sensatissi-

359 1489 465 1517 mus
499 1475 719 1517 Salomon
752 1475 892 1517 simul
926 1480 971 1517 et
1006 1475 1384 1532 opulentissimus
1419 1480 1487 1517 est
1523 1475 1642 1517 adeo
1677 1475 1865 1517 tandem
1898 1488 2042 1516 vanas

359 1542 709 1598 opulenciamm
733 1556 816 1599 per
839 1542 1181 1598 superfluitates
1206 1541 1471 1591 infatuatus,
1494 1542 1621 1598 quod
1647 1533 1830 1598 spiritu²
1853 1542 1933 1598 qui
1956 1541 2043 1583 sibi

359 1608 724 1665 pregratificatus
746 1608 908 1657 fuerat,
929 1614 981 1650 ut
1003 1609 1183 1657 dicitur,
1203 1609 1302 1650 Deo
1323 1610 1742 1664 contumaciterque
1763 1608 1932 1657 relicto,
1953 1607 2042 1649 diis

359 1674 671 1716 artificialibus
683 1674 1040 1716 sacrificandum
1052 1674 1151 1716 fore
1162 1675 1460 1723 constituerit,
1473 1675 1649 1731 sibique
1661 1674 1893 1716 sacrificiis
1905 1688 1986 1716 eos
1998 1679 2043 1715 et

359 1741 780 1798 supplicacionibus
803 1742 1060 1798 propiciare
1081 1756 1177 1783 non
1197 1741 1442 1790 erubuerit,
1464 1755 1620 1783 amore
1643 1741 1889 1783 mulierum
1913 1731 2042 1797 (quo³

358 1807 497 1861 nichil
507 1807 740 1850 efficacius
752 1808 812 1850 ad
824 1808 1301 1864 circumueniendum)
1313 1809 1668 1857 circumuentus,
1679 1807 1796 1850 dum
1806 1807 2042 1850 fallacibus

358 1875 504 1917 fidem
529 1875 740 1917 femineis
766 1875 934 1917 habere
958 1875 1126 1925 verbis,
1150 1881 1202 1917 ut
1227 1876 1457 1924 asseritur,
1482 1874 1737 1917 fatuissime
1762 1874 2043 1931 preelegerit,

358 1956 453 1999 quo
471 1947 566 1984 tam
583 1943 802 1999 sapientis
821 1942 879 1984 ab
895 1956 1048 1984 errore
1066 1947 1160 1984 tam
1178 1943 1347 1999 supino
1365 1956 1531 1983 sanum
1548 1943 1657 1983 satis
1674 1947 1719 1983 et
1749 1941 1861 1998 {47¹1
1890 1940 2043 1983 effica-

358 2010 598 2051 cissimum
624 2015 835 2051 sumatur
862 2015 1188 2066 argumentum
1213 2009 1341 2066 quod
1370 2009 1429 2051 de
1456 2010 1638 2050 nemine
1665 2008 1781 2050 dum
1806 2007 2043 2050 sublunari

359 2077 502 2134 spirat
526 2076 603 2119 uel
627 2077 745 2119 viuit
770 2077 818 2119 in
842 2076 1016 2119 lumine
1043 2077 1106 2119 sic
1133 2076 1443 2118 indubitanter
1469 2075 1848 2133 presumendum,
1873 2089 1956 2117 nec
1983 2074 2042 2117 de

358 2145 545 2187 viuente
564 2159 706 2202 quam
726 2159 811 2187 sua
832 2136 933 2187 diu4
952 2145 1070 2187 viuit
1089 2145 1137 2187 in
1156 2145 1348 2187 sanitate
1368 2145 1425 2187 sit
1445 2145 1635 2186 omnino
1655 2142 2012 2200 desperandum.

423 2212 494 2267 [8.]
517 2214 693 2255 Ciuitas
708 2213 855 2255 eciam
870 2213 1090 2262 Romana,
1104 2226 1194 2269 que
1210 2212 1441 2254 mundum
1456 2212 1542 2254 sibi
1556 2212 1852 2253 sublunarem
1866 2210 2040 2253 viribus

358 2285 403 2322 et
440 2281 687 2337 sagacitate
724 2280 916 2322 subiecit
952 2281 1238 2329 vniuersum,
1275 2293 1453 2336 suoque
1491 2279 1673 2321 domuit
1709 2278 1797 2321 sub
1833 2278 2041 2334 imperio,

359 2361 535 2404 suaque
571 2348 717 2389 tenuit
752 2347 841 2389 sub
876 2347 1057 2389 dicione
1093 2348 1225 2403 quasi
1260 2346 1483 2388 seruiliter
1518 2345 1921 2401 indifferenterque
1956 2344 2042 2386 sibi

359 2414 672 2471 subiugatum,
685 2414 772 2456 sibi
785 2428 896 2455 suos
910 2428 1006 2455 non
1018 2413 1172 2455 solum
1186 2413 1300 2455 deos
1314 2412 1537 2469 effigiauit
1551 2412 1805 2454 artificiales
1820 2411 2041 2454 manuali-

359 2472 536 2537 terque5
555 2481 793 2537 figuratos,
811 2480 895 2523 sed
914 2482 1060 2522 eciam
1079 2480 1237 2522 beluas
1256 2480 1528 2522 humanitati
1547 2479 1780 2536 genialiter
1798 2479 2043 2520 abhorren-

359 2548 444 2590 das
467 2548 554 2590 sibi
576 2539 831 2590 constituit⁶
854 2561 940 2603 pro
964 2547 1053 2589 diis
1077 2547 1335 2589 adorabiles
1358 2547 1639 2602 letaliterque
1661 2559 1931 2594 venenosas,
1954 2545 2042 2586 sub

432 2802 443 2824 ¹
462 2808 500 2843 in
517 2807 686 2852 sciencia]
704 2807 901 2843 insciencia
918 2808 941 2842 S

432 2858 445 2880 ²
462 2865 590 2911 spirito
606 2866 629 2899 S

431 2914 446 2937 ³
461 2930 535 2966 qua
552 2921 575 2954 S

431 2971 446 2993 ⁴
462 2977 556 3011 dum
573 2977 595 3011 S

432 3026 446 3048 ⁵
462 3033 796 3079 manubialiterque
812 3033 835 3066 S

431 3083 446 3105 ⁶
461 3089 683 3124 constituere
698 3090 721 3123 S
