2132 3346
233 480 284 505 220

232 1485 283 1509 235

232 1819 283 1844 240

233 2154 283 2180 245

345 130 403 171 88
540 138 728 171 SERIUM
750 138 1056 171 SENECTUTIS

346 267 535 319 gauerat
570 267 623 304 ut
658 262 876 319 indigena
912 254 1213 319 occupasset,1
1251 267 1521 319 contemptu
1557 263 1797 319 paucitatis
1834 277 1914 305 eos
1951 277 2028 306 rex

345 329 507 371 Xerses
520 343 722 385 quorum
735 329 919 385 cognati
931 328 1115 385 pridem
1128 328 1364 385 prehabita
1378 330 1605 386 perempti
1617 328 1798 372 fuerant
1810 330 1859 372 in
1871 344 2028 386 pugna

345 410 586 453 capescere
609 410 818 453 pugnam
841 396 1057 453 precepit.
1082 387 1308 447 Quidam²
1331 410 1442 438 suos
1466 396 1623 439 ulcisci
1646 410 1926 453 prepropere
1949 411 2029 453 pa-

346 468 447 505 rant
474 468 519 505 et
545 462 704 505 bellice
731 462 818 505 sibi
843 462 988 505 cladis
1015 468 1060 504 et
1086 462 1370 505 confusionis
1397 464 1705 520 peremptorie
1731 464 2029 520 precipicium

345 531 603 587 primiciare
628 535 889 587 procurant.
914 529 1287 586 Succedenteque
1312 544 1480 586 magna
1505 530 1836 587 subsequenter
1859 535 1905 572 et
1928 530 2030 573 utili

345 598 499 639 minus
517 597 870 654 inordinataque
887 597 1034 647 turba,
1050 598 1198 639 maior
1213 597 1418 639 succedit
1433 597 1570 639 cedes
1587 598 1867 654 mestiorque
1883 598 2027 640 ruina.

345 664 506 707 Tribus
532 664 619 706 illis
645 663 811 706 diebus
836 665 885 706 in
908 665 1131 721 angustiis
1156 664 1397 706 Persarum
1420 678 1528 707 cum
1554 664 1843 714 detrimento,
1868 663 2029 707 dolore

345 746 526 774 necnon
554 737 599 774 et
628 731 952 789 indignacione
981 731 1253 774 dimicatum
1281 731 1369 774 fuit
1397 737 1442 774 et
1471 731 1795 774 diminucione.
1825 731 2028 774 Leonida

345 799 553 855 profecto
586 800 919 855 Spartanorum
954 812 1031 840 rex
1067 799 1301 854 angustias
1337 798 1445 840 ideo
1479 803 1869 855 preoccupauerat
1902 803 1955 841 ut
1989 799 2029 841 si

345 879 536 908 casurus
554 870 759 914 certaret,
777 866 974 907 citeriori
992 865 1269 907 detrimento
1286 865 1483 915 caderet,
1502 866 1541 907 si
1557 879 1670 907 vero
1687 866 1894 907 victurus
1913 879 2029 922 pug-

345 937 487 982 naret,
509 931 653 988 gloria
674 946 783 974 cum
804 932 964 988 paucis
986 931 1269 988 eleganciore
1291 931 1605 988 triumpharet.
1626 931 1716 974 Sed
1738 932 1902 974 maiori
1922 945 2029 973 suo-

345 1013 451 1040 rum
485 998 602 1055 Ι16Ἴ
636 999 755 1055 parti
777 998 967 1040 tandem
988 999 1235 1047 sociorum,
1256 998 1361 1054 plus
1383 999 1527 1055 patrie
1549 1012 1690 1055 quam
1711 989 1915 1055 proprie³
1934 998 2029 1040 vite

344 1065 663 1121 contemplans
702 1064 959 1114 utilitatem,
997 1078 1047 1106 se
1085 1064 1272 1106 redditu
1309 1078 1582 1107 conseruare
1619 1066 1713 1107 vite
1750 1065 2029 1106 securiorem

345 1132 626 1189 persuadere
645 1133 774 1174 nisus
794 1137 863 1174 est
883 1132 944 1174 ad
964 1137 1150 1181 statum,
1169 1146 1263 1188 quo
1282 1133 1427 1188 patrie
1447 1137 1656 1188 tempora
1675 1146 1725 1174 se
1744 1136 2029 1174 reseruarent

345 1199 406 1241 ad
420 1199 623 1241 meliora.
637 1200 800 1255 Sicque
813 1200 996 1255 cognita
1009 1198 1247 1241 voluntate
1260 1200 1384 1255 regia
1398 1198 1772 1255 persuasionibus
1787 1198 2029 1247 declarata,

345 1266 454 1308 solis
477 1280 637 1308 secum
658 1265 1001 1308 remanentibus
1022 1266 1270 1322 Spartanis,
1291 1271 1548 1307 ceterorum
1570 1271 1752 1307 caterua
1774 1265 1909 1307 rediit
1929 1266 2029 1307 vni-

344 1348 491 1375 uersa.

409 1400 508 1454 [14.]
531 1401 744 1443 Dimissis
761 1401 915 1457 itaque
930 1414 1008 1442 rex
1024 1391 1263 1442 animosis4
1279 1414 1396 1456 quos
1413 1399 1499 1441 sibi
1514 1400 1851 1456 presociauerat
1866 1399 2029 1441 maiori

345 1482 431 1524 pro
448 1473 577 1524 parte
594 1481 679 1509 sua
696 1472 862 1524 sponte
879 1467 1132 1516 sodalibus,
1147 1466 1319 1508 hortari
1335 1472 1534 1508 retentos
1551 1466 1637 1508 sibi
1653 1467 1803 1507 socios
1820 1465 2029 1522 aggredi-

345 1539 420 1576 tur
436 1535 700 1591 SpartanOS,
718 1533 1016 1590 hostiumque
1034 1533 1393 1590 contemplando
1413 1532 1732 1575 multitudines
1750 1533 2029 1581 innumeras,

345 1602 410 1643 eis
449 1601 831 1643 conconsiderare
870 1600 1036 1643 suadet
1076 1601 1172 1642 suis
1212 1615 1261 1642 se
1300 1600 1692 1657 qualitercumque
1731 1598 2028 1656 preliantibus

345 1660 628 1710 cedendum5
643 1668 742 1710 fore
757 1668 948 1709 tandem
963 1673 1058 1709 tam
1073 1668 1332 1709 numerosis
1348 1667 1569 1709 hostibus.
1585 1667 1750 1723 Eisque
1765 1681 1860 1708 non
1874 1667 2028 1708 minus

345 1736 452 1777 totis
481 1734 747 1777 cauendum
775 1734 874 1776 fore
902 1734 1142 1776 conatibus
1171 1734 1417 1776 bellissime
1446 1733 1682 1782 subinfert,
1710 1747 1768 1775 ne
1796 1733 2028 1775 sociorum

345 1802 565 1855 libencius
589 1801 649 1843 ad
673 1803 816 1843 instar
837 1802 886 1843 in
907 1801 1118 1843 futurum
1141 1801 1316 1843 redisse
1338 1800 1569 1842 forciusue
1591 1801 1865 1842 remansisse
1887 1813 2029 1856 quam

346 1869 591 1910 dimicasse
601 1868 861 1910 videantur.
874 1869 972 1910 Nec
985 1873 1037 1910 ut
1049 1868 1107 1909 ab
1118 1867 1327 1910 hostibus
1340 1868 1778 1909 circumuenirentur
1790 1866 2029 1909 subintulit

345 1936 699 1992 expectandum,
709 1935 793 1978 sed
806 1935 923 1978 dum
935 1936 1260 1992 tempestiuam
1271 1949 1362 1977 nox
1374 1936 1647 1991 intempesta
1657 1948 1846 1976 causam
1857 1939 2030 1990 presta-

345 2008 412 2045 ret
443 2008 487 2045 et
519 2004 809 2045 occasionem
840 2004 1012 2045 securis
1043 2008 1088 2044 et
1119 2002 1183 2044 nil
1214 2002 1301 2044 tale
1333 2001 1671 2058 suspicantibus
1702 2001 2028 2057 superuenien-

346 2062 495 2120 dum,⁶
511 2071 753 2127 presertim
768 2085 877 2112 cum
894 2084 1126 2126 nusquam
1142 2069 1386 2126 preliantes
1403 2069 1599 2111 animosi
1614 2067 2028 2110 commendabilius

345 2151 487 2194 quam
507 2137 673 2179 mediis
693 2137 899 2179 hostium
919 2137 1009 2179 sint
1029 2137 1078 2178 in
1095 2137 1253 2178 castris
1273 2135 1572 2178 honestiusue
1592 2135 1793 2192 perituri.

410 2204 509 2260 [15.]
531 2205 621 2247 Sed
647 2205 955 2262 magnanimis
981 2205 1166 2261 iamque
1190 2204 1360 2261 paratis
1386 2203 1629 2245 efficaciter
1653 2203 1884 2260 persuasis
1910 2202 2028 2244 mori

345 2273 484 2314 nichil
500 2272 786 2329 impossibile
802 2272 889 2314 fuit
907 2271 1156 2314 difficileue
1173 2271 1453 2328 persuaderi.
1472 2271 1682 2312 Protinus
1699 2271 1836 2326 igitur
1853 2283 2028 2318 omnes,

346 2340 474 2382 omni
497 2340 726 2382 remocius
751 2338 999 2382 amandata
1024 2338 1371 2388 deliberacione,
1393 2337 1582 2380 viriliter
1605 2337 1664 2380 ad
1689 2351 1816 2379 arma
1839 2350 2028 2379 concur-

346 2412 465 2456 runt,
481 2406 598 2448 dum
613 2406 750 2463 longe
765 2406 898 2463 plura
914 2407 1059 2462 patrie
1074 2420 1216 2462 quam
1230 2406 1324 2447 vite
1339 2405 1496 2447 deberi
1511 2404 1798 2446 laudabiliter
1813 2404 1861 2445 in
1874 2404 2029 2445 animo

345 2474 676 2516 condiducunt.
695 2474 994 2530 Sexcentique
1011 2474 1098 2515 viri
1129 2472 1241 2530 {17¹1
1272 2472 1512 2514 dumtaxat
1530 2473 1578 2514 in
1594 2477 1740 2513 castra
1758 2471 2028 2528 quingento-

346 2556 450 2583 rum
482 2541 662 2583 milium
693 2542 804 2583 citra
836 2541 1050 2583 timorem
1082 2541 1323 2597 perniciter
1354 2540 1627 2596 irrumpunt.
1658 2539 1841 2595 Nempe
1872 2551 1949 2580 rex
1981 2538 2029 2579 in

345 2608 518 2651 bellum
538 2608 829 2666 profecturus
850 2623 961 2651 suos
982 2607 1042 2650 ad
1064 2607 1190 2651 idem
1209 2606 1602 2664 comprofecturos
1623 2607 1683 2649 ita
1703 2604 2028 2663 preconfirma-

419 2797 430 2819 ¹
448 2808 663 2849 occupasset
678 2802 800 2846 lustin,
815 2813 879 2837 om.
898 2803 920 2837 S

419 2853 432 2875 ²
448 2859 614 2901 Quidam
631 2860 666 2899 S,
681 2859 755 2901 Qui
772 2859 867 2893 dum
881 2859 990 2902 lustin

418 2909 433 2931 ³
449 2914 637 2960 propriam
654 2915 677 2947 S

418 2965 433 2987 ⁴
448 2969 627 3003 animosis
644 2970 678 3009 S,
694 2969 886 3003 animosus
903 2968 939 3002 Sc

419 3019 433 3041 ⁵
448 3026 661 3059 cedendum
679 3026 714 3066 S,
728 3025 944 3059 cadendum
959 3025 1067 3067 lustin

419 3075 433 3097 ⁶
449 3081 793 3128 superueniendum
809 3081 930 3124 lustin,
946 3079 1293 3127 superuenientibus
1310 3080 1333 3113 S
