2132 3346
237 585 250 610 1
255 585 288 610 20

237 919 288 944 125

255 1989 289 2014 10

255 2395 289 2420 15

256 2730 289 2755 20

351 168 440 209 162
577 176 764 209 SERIUM
786 175 1091 209 SENECTUTIS

350 305 573 357 perpetue
593 314 676 356 per
694 299 1060 342 infinibilitatem.

414 366 485 421 [7.]
507 367 622 409 Sunt
649 372 694 409 et
721 366 810 409 alia
836 366 1028 423 quidem
1054 380 1196 423 quam
1223 366 1422 423 plurima
1449 367 1610 423 primis
1637 371 1682 408 et
1708 367 1757 409 in
1782 366 2032 409 luminibus

350 433 539 476 obuiam
568 433 828 476 voluntarie
871 433 983 490 142¹!
1024 434 1260 475 veniencia
1290 434 1580 475 meritissime
1610 434 1820 490 punitiua
1850 447 2034 490 semper

349 501 467 550 vilis,
497 500 851 557 admodumque
879 514 1064 557 semper
1092 499 1433 542 abhominande
1462 499 1781 542 mendositatis
1809 499 2032 556 exempla.

349 567 439 610 Sed
462 573 507 610 et
529 567 577 610 id
601 568 801 610 maxime
822 567 1173 609 mendaciorum
1194 566 1301 609 facit
1323 566 1751 608 abhominacionem
1771 566 1900 623 quod
1922 567 2032 609 satis

350 635 589 676 autenticis
608 639 653 676 et
671 635 720 676 in
737 635 920 676 uirtutis
939 635 1068 691 apice
1087 633 1294 675 solidatis
1315 633 1385 690 (fit
1402 639 1454 675 ut
1471 639 1516 675 et
1534 634 1763 675 succincta
1780 633 1868 675 sub
1884 633 2034 675 breui-

350 707 442 744 tate
455 701 818 758 pretaxauimus)
833 701 1051 743 asseritur
1064 715 1091 743 a
1102 701 1227 750 viris,
1240 700 1368 757 quod
1382 699 1595 742 videlicet
1608 714 1660 742 os
1673 699 1802 757 quod
1816 701 2034 742 mentitur

350 769 618 811 mencientis
638 767 806 810 occidit
825 768 1043 817 animam,
1061 781 1392 824 summumque
1411 768 1564 809 Deum
1583 766 1856 809 delirissime
1874 771 2034 809 mouet

351 835 411 877 ad
434 836 550 877 iram
572 836 815 892 perniciter
835 840 881 876 et
902 834 1096 891 impellit
1117 833 1387 876 offensionis
1409 834 1470 876 ad
1493 833 1862 883 amaritudinem;
1883 833 1967 876 sed
1989 838 2034 876 et

350 901 607 944 eternaliter
620 901 842 943 durature
854 902 1067 957 quietatis
1080 901 1316 942 eternitate
1328 914 1378 942 se
1392 900 1745 957 dampnabiliter
1757 899 2034 942 defraudare

350 982 486 1010 suam
510 982 594 1010 nec
621 967 948 1010 animaduertit
973 967 1094 1009 male
1119 968 1351 1009 menciens
1376 967 1533 1016 homo,
1558 981 1641 1009 nec
1667 966 2034 1009 animaduertere

351 1035 568 1092 dignatur
588 1036 804 1077 animam.

966 1230 1124 1278 LIBER
1147 1230 1423 1277 OCTAUUS

350 1372 433 1413 Uir
452 1371 539 1413 sibi
558 1376 769 1413 sensatus
790 1370 910 1412 male
930 1384 1013 1427 per
1032 1369 1272 1412 mendacia
1293 1369 1492 1411 mendax

410 1439 466 1480 Se
486 1452 571 1480 sua
590 1437 882 1480 confundens
903 1437 1050 1479 tendit
1070 1437 1130 1479 ad
1151 1428 1415 1486 interitum?

350 1505 427 1547 Ad
448 1506 671 1547 miserum
691 1504 828 1547 trahit
847 1505 1082 1546 interitum
1102 1518 1185 1560 per
1203 1503 1375 1546 famina
1395 1503 1594 1545 mendax

411 1573 478 1614 Os
498 1572 736 1614 hominem
756 1585 942 1613 morum
962 1570 1287 1612 mortificando
1307 1570 1489 1619 modos;

350 1639 417 1680 Os
438 1639 590 1680 anime
610 1643 741 1695 parat
761 1651 972 1680 accessus
993 1637 1053 1679 ad
1074 1628 1251 1679 limina²
1270 1637 1470 1679 mendax

411 1706 591 1754 Mortis,
610 1710 655 1747 et
675 1704 736 1746 ad
757 1710 955 1746 mortem
975 1718 1095 1761 pena
1115 1703 1368 1760 perhennat
1387 1717 1502 1745 eam.

351 1773 493 1828 Ligua
513 1772 681 1828 loquax
702 1786 787 1813 sua
807 1771 974 1828 liguosi
994 1771 1114 1813 male
1134 1771 1288 1827 dirigit
1308 1775 1450 1819 actus,

392 1840 537 1881 *Dum
557 1839 676 1895 parit
695 1839 930 1880 interitum
950 1837 1074 1894 ligua
1094 1837 1294 1894 maligna
1314 1837 1413 1887 sibi;

350 1907 604 1962 Liguosum
624 1905 745 1947 male
764 1905 888 1961 ligua
908 1905 1023 1946 leuis
1044 1918 1129 1946 sua
1149 1918 1259 1961 sepe
1278 1904 1527 1946 molestum

411 1973 520 2014 Esse
540 1971 647 2014 facit
666 1971 834 2013 validis
854 1986 937 2028 per
956 1985 1041 2013 sua
1060 1971 1200 2013 verba
1219 1971 1342 2012 viris.

350 2040 603 2081 Occurrent
623 2038 744 2081 mala
764 2038 994 2081 mendoso
1013 2052 1098 2080 sua
1119 2043 1327 2094 tempore
1347 2038 1521 2086 mortisl

411 2107 715 2163 Interitusque
735 2105 822 2148 sibi
842 2105 1042 2162 denique
1063 2105 1209 2147 durus
1229 2106 1326 2154 erit;

350 2175 469 2232 Ergo
489 2188 629 2217 suum
648 2174 766 2216 bene
785 2178 996 2216 sensatus
1016 2174 1087 2215 vir
1106 2173 1301 2230 quisque
1321 2172 1536 2215 labellum

410 2242 494 2284 Vel
514 2242 660 2299 digito
681 2246 874 2299 temptet
893 2240 1162 2298 segnificare
1181 2240 1338 2282 libens.

415 2377 486 2431 [1.]
508 2377 598 2420 Sed
628 2377 853 2434 euestigio
881 2390 1072 2419 consors
1102 2390 1249 2425 meus,
1277 2375 1418 2432 paulo
1447 2376 1575 2432 prius
1605 2374 1724 2417 adeo
1753 2373 2033 2416 silenciarius

351 2444 705 2501 admodumque
718 2445 904 2501 paciens
918 2442 1436 2499 commendabiliterque
1450 2441 1683 2499 pacificus,
1696 2440 1838 2484 velud
1852 2440 1913 2483 ad
1928 2439 2034 2483 talia

350 2512 512 2555 fuisset
535 2512 747 2569 adprime
768 2517 939 2561 motus,
959 2510 1075 2553 wltu
1097 2510 1232 2553 solito
1254 2511 1363 2552 satis
1386 2511 1434 2552 in
1455 2509 1655 2552 deterius
1691 2508 1808 2565 Ι42Ἴ
1841 2513 2033 2557 mutato,

352 2579 498 2621 taliter
509 2584 578 2621 est
589 2593 793 2621 exorsus:
806 2578 1066 2635 Numquid!
1077 2577 1238 2634 Helya,
1250 2582 1352 2619 tuas
1364 2576 1664 2619 reinfatuatus
1675 2574 2033 2618 consuetudines

351 2646 500 2688 redire
525 2660 660 2703 paras
685 2645 746 2688 ad
770 2659 999 2694 erroneas,
1022 2649 1074 2687 ut
1097 2645 1213 2687 inter
1237 2643 1505 2686 animalium
1529 2648 1596 2685 tot
1619 2643 1810 2692 animas,
1832 2641 2032 2684 hominis

351 2714 555 2755 animam
590 2713 832 2755 dumtaxat
866 2726 967 2754 esse
1002 2711 1163 2754 credas
1198 2710 1513 2753 inmortalem?
1549 2711 1722 2752 Reuera
1756 2709 1924 2766 quiuis,
1957 2722 2033 2750 me

351 2781 517 2830 iudicel
542 2794 592 2822 se
616 2781 726 2822 satis
751 2779 850 2822 fore
874 2779 1042 2822 fatetur
1066 2779 1342 2821 infatuatum
1367 2779 1446 2835 qui
1470 2778 1669 2835 prescise
1693 2776 1806 2834 quid
1831 2789 2032 2819 asserere

424 3057 436 3079 ¹
454 3063 621 3098 interitus
638 3064 661 3098 S

424 3113 438 3136 ²
454 3120 596 3155 lumina
613 3120 636 3154 S
