2132 3346
243 481 295 506 370

242 816 293 840 375

241 1150 292 1174 380

240 1485 291 1509 385

240 1820 291 1844 390

238 2154 290 2179 395

357 132 415 173 96
552 140 740 173 SERIUM
761 140 1067 174 SENECTU‘I'IS

356 265 542 306 vexauit
556 269 601 306 et
616 264 1014 307 diminutionibus,
1030 266 1364 308 Uerumtamen
1376 267 1484 322 quia
1499 272 1799 323 tyrannorum
1813 267 2040 310 truculen-

357 331 657 380 tissimorum,
692 345 752 372 ne
788 331 905 373 dum
940 324 1383 374 commenticiarum¹
1421 333 1687 375 seueritates
1722 335 2040 376 commenticie

357 397 650 439 diuinitatum
664 397 1078 454 supplicacionibus
1093 397 1454 455 frequentissime
1468 400 1742 456 mitigantur,
1755 400 2040 443 voluntariis-

356 478 447 521 que
461 464 737 506 delictorum
750 464 1117 507 confessionibus
1132 465 1443 515 obliterantur,
1457 466 1835 509 Crotoniensibus
1849 467 2039 524 Delphis

356 532 485 588 prius
514 537 559 573 et
587 531 821 574 humiliter
849 531 985 574 aditis
1015 532 1255 574 oraculum
1283 533 1558 589 petentibus,
1585 539 1654 576 est
1682 539 1734 576 ut
1762 533 2039 577 fabulatores

356 599 485 641 aiunt
498 598 556 641 ab
569 599 820 656 Appolline
833 613 1111 656 responsum
1124 599 1267 642 finem
1281 600 1390 642 mali
1403 599 1502 642 fore
1513 606 1763 644 venturum
1776 602 1816 644 si
1828 602 2040 644 Minerue

355 680 531 708 numen
549 665 776 708 violatum
796 680 1049 723 manesque
1069 666 1327 723 placassent
1346 666 1701 710 interfectorum.
1735 667 1852 725 119⁹!
1883 669 2039 725 Itaque

355 747 463 774 cum
489 738 664 775 statuas
690 734 810 775 iuste
835 733 1168 790 magnitudinis
1194 733 1440 776 iuuenibus
1466 740 1511 776 et
1536 735 1763 777 sacerdoti
1788 734 2040 785 trucidatis,

355 799 439 841 sed
455 800 504 841 in
518 800 680 855 primis
695 800 922 848 Minerue,
937 799 1157 842 fabricare
1171 801 1400 856 cepissent
1414 801 1693 850 Crotoniate,
1707 802 2040 858 Metapontani,

356 871 464 907 tunc
484 866 672 908 oraculo
692 866 769 908 dei
788 867 987 923 cognito,
1008 866 1205 908 deorum
1224 867 1630 924 preoccupandam
1649 869 1842 924 gratiam
1861 867 2040 925 deeque

355 933 440 974 rati
480 932 861 983 beniuolenciam,
902 933 1148 975 iuuenibus
1190 933 1374 976 modica
1415 933 1689 991 lapideaque
1729 935 1820 977 cito
1859 940 2040 992 ponunt

355 999 645 1049 simulachra,
661 1000 892 1056 deamque
907 991 1153 1056 panificiis²
1168 1000 1362 1057 placant.
1377 1001 1540 1057 Sicque
1555 1002 1697 1058 pestis
1711 1006 1781 1044 est
1795 1001 2039 1058 utrobique

355 1066 529 1116 sedata,
539 1080 648 1108 cum
660 1067 926 1109 Crotoniate
937 1066 1297 1123 magnificencia,
1308 1068 1628 1124 Metapontani
1638 1068 1864 1110 celeritate
1875 1073 2040 1110 certas-

355 1138 468 1175 sent.

418 1199 518 1253 [23]
541 1200 764 1241 Hercules
800 1201 946 1242 eciam
983 1200 1184 1242 detracte
1219 1192 1445 1257 religioni³
1481 1215 1564 1242 sue
1600 1215 1790 1257 grauem
1825 1201 2038 1244 manifes-

355 1271 542 1323 tamque
562 1266 828 1323 perhibetur
846 1268 1053 1323 exegisse
1073 1281 1255 1323 penam.
1275 1268 1459 1323 Nempe
1478 1281 1586 1309 cum
1606 1260 1781 1310 Poticii⁴
1802 1281 2038 1310 sacrorum

355 1333 431 1375 dei
453 1334 594 1376 ritum
617 1333 708 1376 deo
732 1333 914 1376 diucius
937 1333 1172 1384 exibitum,
1195 1348 1335 1391 quem
1357 1348 1443 1391 pro
1466 1334 1593 1377 dono
1617 1335 1740 1391 genti
1762 1335 2038 1378 Poticiorum

354 1401 609 1457 specialiter
635 1401 693 1443 ab
717 1402 821 1458 ipso
847 1402 1216 1458 preassignatum
1241 1401 1368 1443 velut
1392 1401 1720 1444 hereditarium
1745 1402 2038 1459 preoptinue-

354 1473 468 1518 rant,
496 1468 556 1510 ad
585 1468 759 1510 humile
787 1483 1032 1510 seruorum
1059 1469 1364 1511 ministerium
1393 1469 1742 1519 transtulissent,
1768 1483 1930 1512 omnes
1957 1470 2038 1526 qui

354 1549 495 1592 supra
518 1527 699 1592 viginti⁵
723 1550 919 1578 numero
942 1535 1140 1592 puberes
1163 1535 1345 1578 fuerant
1368 1537 1509 1578 annui
1532 1528 1772 1593 temporis⁶
1794 1537 1911 1579 intra
1933 1550 2038 1593 spa-

353 1603 477 1644 cium
492 1602 621 1644 fuere
636 1602 892 1659 specialiter
906 1602 1024 1645 elati.
1040 1603 1318 1660 Nomenque
1333 1595 1636 1645 Poticianum⁷
1650 1603 1901 1646 duodecim
1915 1603 2037 1646 solas

353 1670 470 1711 inter
483 1669 679 1711 familias
694 1670 902 1712 diuisum
915 1684 1062 1727 prope
1075 1684 1265 1727 prorsus
1279 1671 1446 1712 interiit
1459 1676 1511 1712 ut
1523 1672 1847 1713 exanimatum.
1861 1671 2038 1713 Censor

353 1742 398 1778 et
417 1737 567 1793 Apius
588 1737 840 1779 luminibus
860 1742 930 1779 est
949 1742 1124 1793 captus.

393 1848 395 1855 ,
417 1803 516 1857 [24.]
540 1804 710 1845 Procax
742 1805 882 1846 etiam
913 1805 1023 1846 satis
1055 1809 1100 1846 et
1132 1804 1322 1846 acerbus
1354 1805 1427 1846 sui
1458 1805 1660 1846 numinis
1692 1804 1863 1846 vindex
1894 1804 2037 1846 fuisse

353 1870 618 1926 perhibetur
650 1870 822 1927 Apollo
854 1872 948 1927 qui,
981 1872 1225 1927 Cartagine
1257 1871 1507 1912 victoribus
1541 1885 1567 1912 a
1601 1872 1817 1913 Romanis
1849 1870 2038 1913 viriliter

353 1942 623 1993 oppugnata
634 1942 764 1979 veste
776 1937 997 1980 viduatus
1011 1937 1330 1980 manubialiter
1343 1952 1494 1987 aurea,
1508 1937 1674 1980 dicitur
1686 1937 1734 1980 id
1747 1939 1896 1994 egisse
1907 1937 2035 1994 quod

352 2003 493 2046 fracte
519 2005 662 2046 vestis
690 2005 837 2061 ipsius
866 2005 983 2046 inter
1009 2004 1266 2061 fragmenta
1294 2019 1460 2047 manus
1488 2004 1704 2061 sacrilege
1731 2005 2039 2061 reperirentur

353 2071 540 2113 abscise.
564 2072 656 2113 Sua
680 2071 767 2113 sibi
790 2085 901 2113 sane
925 2071 1031 2128 plus
1056 2073 1178 2114 iusto
1202 2085 1306 2114 cara
1330 2071 1483 2114 Phebo
1506 2072 1692 2114 videtur
1714 2071 1858 2114 fuisse
1880 2072 2036 2121 vestiS,

351 2139 483 2180 cuius
497 2138 857 2180 subtractionem
871 2152 1098 2181 manuum
1110 2152 1411 2195 compensare
1424 2139 1753 2181 manubiatoris
1766 2152 1875 2181 cum
1887 2139 2037 2195 graui-

353 2210 444 2247 tate
462 2206 680 2248 sustinuit
698 2205 981 2255 abscisionis,
999 2207 1240 2263 presertim
1257 2220 1365 2248 cum
1384 2220 1467 2248 nec
1485 2207 1584 2248 eius
1603 2205 1789 2263 indigus
1807 2205 1943 2248 fuerit
1960 2205 2036 2248 uel

352 2273 537 2315 alterius
557 2279 609 2316 ut
629 2273 688 2316 ab
707 2274 835 2316 omni
854 2273 1036 2331 frigoris
1057 2273 1353 2316 infestacione
1373 2287 1556 2331 semper
1575 2287 1776 2316 securus.

416 2340 515 2395 [25.]
538 2341 802 2398 Appollinis
826 2341 949 2384 filius
973 2341 1167 2384 ulcionis
1191 2342 1239 2384 in
1261 2342 1495 2384 atrocitate
1520 2342 1769 2398 procaciter
1792 2341 2036 2398 patrissare

350 2409 537 2451 videtur
575 2409 845 2466 Esculapius
884 2410 978 2466 qui,
1016 2423 1124 2451 cum
1163 2409 1249 2451 sibi
1288 2423 1467 2467 suoque
1505 2414 1822 2451 consecratum
1861 2408 2035 2466 templo

424 2742 435 2764 ¹
452 2747 797 2781 commenticiorum
815 2748 838 2781 S

423 2796 437 2818 ²
453 2803 637 2849 panificiis
651 2803 773 2846 lustin,
789 2803 959 2850 panificis
976 2804 999 2837 S

422 2852 437 2874 ³
453 2859 620 2905 religioni
638 2860 673 2899 S,
690 2859 877 2905 religionis
897 2859 1047 2893 Valerius

422 2909 437 2930 ⁴
453 2914 591 2958 Poticii]
609 2914 729 2948 Potitii
749 2914 911 2954 Valerius,
927 2914 1023 2948 Pocii
1041 2915 1064 2948 S

423 2964 437 2987 ⁵
452 2970 584 3016 viginti
602 2971 636 3011 S,
652 2981 720 3005 xxx
740 2970 890 3005 Valerius

422 3020 437 3042 ⁶
452 3027 567 3061 annui
585 3027 775 3074 temporis]
792 3027 1087 3074 annuitemporis
1103 3028 1127 3061 S

423 3076 438 3099 ⁷
453 3084 680 3118 Poncianum
697 3085 721 3118 S
