2132 3346
261 497 295 523 75

270 2641 304 2666 10

355 146 445 188 154
581 153 769 186 SERIUM
790 151 1096 186 SENECTtms

356 277 681 320 matrimoniali
699 276 1025 334 perpetualiter
1041 274 1376 331 coniungendis
1395 273 1878 330 matrimonialiterque
1895 286 2038 330 copu-

356 345 520 394 landis,
555 344 722 387 ficticio
756 344 1032 400 nupciarum
1068 342 1128 384 de
1162 341 1254 384 deo
1287 355 1383 384 non
1416 342 1569 384 minus
1604 354 1745 397 quam
1779 339 2039 397 superficiei

355 411 750 469 contemplacione
784 409 1098 453 subsannabili
1132 409 1242 451 satis
1276 414 1322 451 et
1355 407 1550 451 ridiculo
1584 421 1743 450 curare
1776 421 1889 450 curo
1922 405 2037 464 quid

356 481 614 537 Hymene0,
639 478 716 521 uel
741 478 1057 520 instrumentis
1084 476 1144 519 de
1171 475 1416 526 dotalibus,
1442 475 1640 518 rebusue
1665 473 2038 532 parafernalibus.

355 547 445 590 Sed
463 561 546 589 nec
564 546 719 589 floreis
737 545 968 588 luminum
985 544 1100 601 quid
1117 557 1230 586 curo
1247 543 1307 586 de
1325 544 1470 592 sertis,
1486 542 1727 585 vnificisue
1743 542 1940 591 coronis,
1955 554 2038 584 nec

357 614 586 671 Hymenei
621 613 827 670 genitore
861 611 921 654 de
955 612 1118 660 Genio,
1152 610 1236 653 sed
1271 624 1354 652 nec
1390 609 1563 666 aliquid
1597 608 1809 651 eiusdem
1841 621 2040 650 venereo

358 681 585 737 genitricis
611 679 671 722 de
696 680 886 736 gremio,
911 669 1095 721 talibus1
1120 691 1204 720 nec
1228 691 1324 719 non
1347 690 1453 719 meo
1477 676 1704 718 remocius
1729 674 1988 718 amandatis
2012 688 2040 717 a

356 752 621 789 commento
634 745 821 788 ioculis
808 746 933 787 inani
945 744 1034 786 sub
1046 744 1195 786 lodice
1209 743 1421 800 gerendis
1434 741 1770 784 Hermofroditi
1780 741 2041 798 voluptaria

358 805 606 871 genitrice.²

422 879 493 934 [6.]
515 880 586 922 Sic
609 880 761 935 igitur,
783 878 964 934 nupciis
988 877 1222 933 analogice
1245 875 1493 932 wlgaribus
1516 874 1924 930 vniuersaliterque
1946 886 2042 916 non

358 948 512 989 minus
550 960 693 1002 quam
731 944 966 1001 genialiter
1005 943 1292 1000 generalibus
1343 941 1460 999 139Ἴ
1509 947 1668 984 nostro
1705 939 2042 997 presencialiter

358 1014 545 1055 instanti
585 1026 776 1069 prorsus
818 1025 845 1053 a
885 1011 1127 1067 proposito
1168 1009 1350 1065 longius
1391 999 1666 1057 eliminatis,³
1707 1005 2042 1049 matrimoniale

359 1080 563 1122 duorum
583 1084 679 1121 tam
698 1078 815 1120 bene
835 1083 1023 1134 tamque
1042 1076 1283 1118 salubriter
1300 1076 1681 1118 conueniencium
1701 1088 1804 1116 mea
1823 1073 2042 1130 prosequi

359 1160 550 1204 pergam
562 1160 648 1203 pro
661 1144 962 1202 possibilitate
974 1143 1263 1192 sodalicium,
1274 1143 1558 1199 nupciasque
1569 1142 1702 1198 quasi
1713 1139 1918 1197 quadam
1929 1153 2041 1182 sana

359 1215 468 1257 satis
501 1213 590 1256 sub
620 1212 950 1270 irregularitate
982 1210 1227 1268 regulares,
1260 1210 1471 1252 omnium
1501 1209 1762 1251 communis
1793 1208 1843 1250 in
1872 1206 2042 1249 affectu

358 1281 583 1324 virilitatis
606 1279 972 1338 specialissimas.
995 1279 1200 1320 Omnino
1221 1277 1359 1320 nichil
1380 1276 1440 1318 de
1460 1276 1718 1318 voluntarie
1739 1288 1922 1331 semper
1942 1287 2043 1331 per-

359 1350 598 1405 niciusque
616 1352 834 1405 prompta
851 1347 1114 1403 paratisque
1133 1345 1338 1431 propicia
1356 1343 1610 1400 suffragare
1626 1341 1899 1385 connubiale
1914 1355 2044 1383 cura·

360 1422 491 1459 turus
512 1415 572 1458 de
592 1416 767 1458 Iunone
786 1413 999 1471 nupciale
1018 1427 1115 1455 non
1133 1404 1306 1454 minus4
1326 1411 1510 1468 preside
1530 1411 1740 1467 putatiua
1758 1423 1900 1466 quam
1919 1422 2044 1450 com-

360 1484 572 1526 menticie
585 1482 808 1540 pronuba.
823 1482 1067 1523 Remocius
1080 1493 1242 1522 omnes
1255 1480 1401 1521 eciam
1413 1478 1623 1520 funditus
1637 1476 1886 1519 amandare
1899 1489 2043 1533 pergo

360 1551 606 1592 Musarum
627 1549 813 1591 melicas
834 1549 930 1590 suis
951 1561 1059 1589 cum
1079 1546 1390 1595 concentibus,
1411 1545 1682 1587 solicanisve
1701 1557 1809 1586 cum
1829 1541 2044 1585 melifica-

360 1617 569 1659 cionibus
597 1615 960 1664 modulaciones,
987 1614 1339 1669 armonicosque
1366 1603 1599 1654 tibiarum⁵
1626 1611 1815 1652 tinnitus
1841 1608 2044 1651 vdrauli-

360 1697 546 1740 cosque,
565 1682 734 1725 fidium
753 1686 1153 1737 consonantesque
1172 1680 1363 1722 sonitus.

980 1875 1139 1923 LIBER
1161 1874 1432 1922 SEPTIMUS

361 2020 484 2061 Seria
504 2018 709 2061 ridiculis
729 2022 955 2066 sensatus,
974 2021 1027 2058 ut
1046 2028 1262 2072 auguror,
1281 2015 1432 2056 omnis

361 2087 447 2128 Vix
466 2085 592 2127 volet
611 2090 656 2127 et
674 2085 807 2126 vanis
828 2083 1079 2140 depingere
1098 2083 1169 2124 vir
1188 2095 1273 2124 sua
1293 2080 1429 2130 ludis,

363 2152 558 2195 Ludicra
578 2151 757 2194 ludenti
776 2151 935 2193 iuueni
954 2164 1039 2192 sua
1059 2154 1167 2191 sunt
1187 2148 1273 2190 sibi
1292 2148 1448 2196 menti,

362 2221 485 2262 Seria
505 2219 603 2262 sola
623 2219 746 2261 senis
766 2222 875 2260 sunt
893 2216 1220 2259 conueniencia
1239 2215 1381 2257 cordi:

363 2287 532 2330 fforma
551 2286 744 2344 quidem
763 2285 850 2328 fuit
869 2285 918 2327 in
936 2284 1060 2326 ludis
1080 2283 1244 2326 odiosa
1264 2282 1432 2331 senilis,

364 2356 441 2397 Est
460 2360 505 2396 et
525 2354 678 2396 adhuc
699 2367 771 2395 res
791 2354 840 2395 in
859 2352 1071 2394 thalamis
1092 2351 1255 2393 odiosa
1275 2355 1498 2392 senectus.

363 2423 433 2465 Sic
453 2423 592 2479 igitur
611 2421 765 2478 segnis
785 2421 893 2477 quia
913 2418 1181 2476 segnificare
1201 2422 1411 2460 senectus

364 2490 444 2532 Me
462 2490 603 2538 venit,
622 2502 762 2531 omne
781 2488 911 2544 pigra
931 2500 1132 2543 prauum
1152 2484 1314 2542 procul
1333 2489 1482 2526 arceat
1502 2489 1612 2532 etas,

364 2556 652 2613 Vtilibusque
672 2559 802 2612 paret
822 2568 872 2596 se
891 2552 1235 2611 promptificare
1255 2556 1496 2599 recentem,

364 2625 423 2666 Vt
442 2625 572 2666 uiuat
591 2623 774 2665 virtutis
794 2635 929 2678 opus,
948 2621 1170 2676 viciisque
1188 2619 1393 2661 valenter

440 2866 451 2888 ¹
469 2872 531 2907 tali
549 2873 572 2907 S

439 2923 453 2945 ²
470 2926 756 2962 Hermofroditis
771 2925 981 2972 voluptario
998 2923 1182 2971 genitricis
1199 2924 1221 2958 S

439 2979 454 3001 ³
470 2985 493 3019 S
509 2984 560 3018 ad.
579 2983 679 3030 quali
697 2982 801 3029 before
817 2981 1088 3016 matrimoniale

439 3034 454 3057 ⁴
470 3040 595 3075 minus
611 3040 659 3074 ed.

440 3090 454 3113 ⁵
470 3097 644 3131 tibiarum
659 3095 867 3135 Martianus,
884 3094 1060 3129 ubrarum
1077 3094 1100 3127 S
