2158 3366
272 308 323 333 150

271 642 322 667 155

270 977 321 1001 160

269 1311 319 1336 1⁶5

268 1647 318 1672 170

267 1980 317 2005 175

266 2318 317 2343 180

265 2654 316 2679 185

386 158 444 199 64
581 167 768 200 SERIUM
790 167 1095 201 SENECTUTIS

385 305 471 347 pro
505 291 691 333 sudoris
727 291 1000 334 difficultate
1034 294 1445 342 murmurancium,
1479 295 1607 350 quod
1643 295 1824 337 deitatis
1859 296 2068 339 absoluta

385 363 589 413 potestas
614 363 659 399 et
684 359 1118 401 incircumuenibilis
1144 359 1204 401 ad
1230 360 1346 402 iram
1370 360 1556 402 licenter
1579 362 1762 403 incitata
1785 361 1949 404 festina
1973 376 2069 405 non

385 425 539 466 minus
556 430 625 466 est
641 424 822 467 vlcione
838 439 980 482 quam
997 425 1183 468 terribili
1199 432 1456 483 prosecuta,
1473 427 1590 469 dum
1605 433 1861 471 castrorum
1877 443 1983 486 pars
1999 435 2069 472 est

384 497 587 534 extrema
607 491 863 534 terribiliter
882 492 941 534 ab
960 493 1065 549 igne
1085 492 1247 535 diuino
1268 493 1502 536 deuorata.

448 558 547 613 [11.]
570 559 831 602 Terribilius
859 565 904 601 et
931 559 1058 602 aliud
1086 561 1231 602 eciam
1259 575 1470 603 murmur
1496 555 1784 619 ulcioneque¹
1814 562 2068 606 terribiliori

384 626 609 682 populare
627 627 699 668 vis
719 626 973 668 diuinitatis
992 632 1061 668 est
1080 627 1175 669 ulta
1197 636 1223 662 ÷
1245 641 1339 684 quo
1358 628 1608 670 recordata.
1630 638 1656 664 ÷
1677 629 1915 679 Dentibus,
1933 635 1985 672 ut
2002 629 2068 680 fit,

384 684 516 749 ipsis²
536 693 681 734 saliua
702 693 960 735 mercuriali
980 694 1274 736 madentibus
1294 695 1515 744 carnium,
1535 696 1837 752 pisciumque,
1855 710 2068 739 cucume-

384 774 488 801 rum
509 774 842 817 peponumque
862 760 1015 810 simul,
1035 766 1079 802 et
1099 775 1225 818 cepe,
1245 775 1425 803 necnon
1444 767 1488 803 et
1509 762 1721 805 alliorum
1740 763 1908 820 quibus
1929 764 2067 820 gratis

383 828 431 868 in
448 827 549 868 solo
568 827 857 869 saciebantur
874 828 1182 884 Egipciorum,
1201 828 1364 885 populi
1381 830 1550 885 pariter
1567 835 1612 871 et
1630 829 1775 886 plebis
1793 831 2067 872 vniuersitas

382 893 584 950 wlgique
598 895 851 950 promiscui
863 908 1046 936 summe
1059 909 1293 937 summam
1306 909 1595 938 murmurare
1607 910 1703 938 non
1714 896 1949 939 abhorruit
1959 910 2067 939 con-

384 965 452 1001 tra
476 960 658 1002 deitatis
682 960 1016 1010 excellenciam,
1040 961 1156 1003 dum
1179 961 1266 1003 sibi
1289 976 1424 1003 suam
1445 968 1710 1005 causaretur
1732 964 1935 1005 animam
1957 977 2068 1006 man

383 1026 503 1068 male
517 1026 757 1068 fastidiens
771 1027 1032 1076 arefactam,
1047 1028 1255 1084 dumque
1268 1028 1436 1070 sedens
1450 1029 1765 1071 miserabiliter
1778 1035 1823 1072 et
1835 1029 1953 1072 flens
1966 1043 2068 1072 sese

383 1092 531 1135 solam
574 1093 957 1136 subsannabiliter
998 1094 1233 1136 inclinaret
1275 1094 1336 1137 ad
1378 1096 1817 1152 concupiscenciam,
1859 1096 2067 1153 dumque

382 1152 613 1217 pertritas³
631 1166 676 1202 et
694 1162 743 1203 in
760 1161 850 1203 olla
868 1154 1090 1203 subiecta⁴
1110 1162 1322 1204 decoctas
1341 1163 1519 1219 saporis
1538 1162 1763 1205 fastidiret
1780 1164 1912 1220 panis
1931 1163 2067 1206 oleati

382 1242 472 1284 que
497 1228 795 1284 preplacuere
819 1221 1045 1271 tortulas.⁵
1069 1229 1159 1271 Sed
1184 1243 1240 1271 eo
1265 1235 1391 1272 mota
1416 1229 1595 1272 bonitas
1620 1245 1804 1273 summa
1828 1230 2067 1288 deitasque

382 1294 579 1351 benigna
599 1309 695 1337 non
714 1309 808 1337 vno
829 1295 905 1337 uel
926 1295 1068 1337 altero
1089 1296 1165 1338 die
1187 1296 1270 1338 sed
1292 1296 1352 1338 ad
1374 1311 1582 1338 mensem
1603 1297 1785 1339 dierum
1803 1298 1952 1340 carnis
1971 1311 2067 1340 non

381 1363 716 1419 cuiuscumque
739 1362 823 1404 sed
849 1362 1173 1405 delicatissime
1197 1364 1261 1405 sic
1286 1363 1624 1406 adhabundans
1649 1364 1779 1406 dedit
1802 1365 1867 1406 eis
1891 1365 1956 1407 sic
1980 1364 2067 1407 sibi

381 1429 501 1471 male
515 1429 911 1472 murmurantibus
925 1429 1150 1479 edulium,
1163 1445 1257 1487 quo
1271 1445 1353 1487 per
1366 1445 1498 1473 nares
1512 1432 1652 1473 exiret
1664 1431 1933 1474 vorantibus
1946 1436 1991 1474 et
2004 1431 2065 1474 ad

381 1511 604 1539 nauseam
631 1489 840 1547 veniret,⁶
867 1497 1130 1540 volantibus
1159 1499 1207 1540 in
1234 1512 1337 1540 aere
1364 1498 1705 1541 conturnicibus
1733 1504 1778 1541 et
1804 1500 1937 1556 quasi
1963 1500 2066 1556 capi

380 1564 642 1606 volentibus
660 1564 825 1606 cubitis
844 1564 1086 1607 dumtaxat
1103 1579 1129 1607 a
1149 1571 1266 1607 terra
1284 1565 1482 1607 duobus.
1501 1566 1590 1608 Sed
1610 1566 1829 1608 delictum
1847 1566 2064 1608 diuinitas

380 1632 456 1672 vix
497 1631 686 1687 aliquod
727 1631 1050 1687 derelinquens
1091 1633 1373 1688 impunitum
1415 1633 1788 1689 (mastigancibus
1827 1633 1980 1675 adhuc
2019 1633 2067 1675 in

380 1698 589 1738 carnium
605 1697 898 1739 sufficienciis
916 1712 943 1739 a
959 1699 1335 1754 concupiscencia
1353 1699 1416 1740 sic
1434 1698 1700 1754 infatuatis),
1715 1699 1857 1741 velud
1887 1698 1950 1755 18¹
1964 1700 1971 1755 Ι
1999 1700 2066 1741 ira

380 1763 454 1804 vel
473 1763 628 1805 furore
647 1763 765 1805 foret
784 1765 832 1805 in
851 1764 1028 1820 populo
1047 1765 1285 1814 concitata,
1304 1765 1439 1821 plaga
1459 1766 1683 1821 percussit
1701 1779 1810 1807 eum
1828 1765 2066 1807 fatalitate·

380 1844 470 1886 que
490 1831 813 1887 peremptoria.

444 1896 543 1951 [12]
567 1898 678 1939 Non
691 1903 847 1940 autem
862 1912 997 1940 suam
1011 1898 1311 1940 solummodo
1326 1898 1408 1940 sed
1425 1904 1470 1940 et
1484 1913 1690 1948 suorum,
1704 1900 1821 1941 sicut
1835 1899 2065 1948 asseritur,

380 1965 428 2005 in
452 1965 849 2006 murmurantibus
875 1965 1022 2007 sibiue
1047 1965 1122 2007 vel
1147 1966 1243 2007 suis
1268 1965 1511 2007 verbaliter
1536 1965 1879 2008 detrahentibus
1905 1965 2064 2008 diuina

379 2031 465 2073 Dei
490 2032 701 2088 potencia
726 2032 948 2088 penaliter
972 2038 1041 2074 est
1066 2033 1279 2074 iniuriam
1305 2038 1559 2089 prosecuta.
1585 2033 1768 2089 Nempe
1791 2038 1901 2075 nota
1925 2032 2064 2075 libros

380 2098 635 2155 legentibus
651 2099 984 2156 voluminaque
1001 2100 1391 2156 perscrutantibus
1408 2101 1518 2142 satis
1535 2106 1604 2142 est
1620 2101 1737 2142 seria
1753 2101 1826 2142 sui
1842 2099 1991 2142 fratris
2008 2114 2063 2142 ex

379 2166 605 2208 relacione
620 2172 778 2209 contra
794 2167 995 2224 Moysen
1009 2168 1340 2209 murmurantis
1355 2168 1502 2209 Marie
1518 2167 1644 2224 lepra
1659 2172 1846 2225 repente
1860 2167 2062 2210 candens

379 2239 423 2276 et
454 2235 741 2291 temperaria,
771 2234 854 2277 sed
886 2240 931 2277 et
960 2236 1059 2277 eius
1090 2240 1215 2277 extra
1244 2241 1391 2277 castra
1421 2236 1656 2292 separacio
1685 2234 1989 2292 penitentialis
2019 2240 2063 2277 et

379 2303 657 2358 purgatoria.

443 2368 542 2423 [13.]
565 2370 676 2411 Non
710 2369 929 2426 equidem
965 2370 1133 2420 minus,
1168 2375 1219 2412 ut
1254 2384 1470 2426 auguror,
1504 2375 1573 2412 est
1607 2371 1656 2412 in
1689 2369 1872 2427 legendi
1905 2369 2062 2412 studio

379 2436 687 2493 pertinacibus
706 2438 914 2494 cognicio
933 2437 1168 2479 familiaris
1188 2443 1233 2479 et
1252 2443 1492 2480 mansueta
1510 2437 1927 2494 contemplatorum
1945 2442 2062 2479 terre

379 2505 699 2560 promissionis
726 2518 752 2546 a
779 2505 945 2561 Moyse
972 2505 1348 2547 transmissorum
1374 2504 1604 2547 fatalitatis
1631 2504 1691 2547 ad
1718 2504 1949 2554 effectum,
1974 2518 2061 2546 suo

379 2572 493 2613 moti
512 2585 595 2627 per
614 2585 694 2613 eos
715 2571 776 2613 ad
797 2571 1188 2614 murmurandum
1209 2571 1371 2628 populi
1390 2586 1476 2628 pro
1496 2586 1747 2621 murmure,
1766 2572 1851 2614 Dei
1870 2585 2060 2628 prorsus

378 2638 667 2680 inexorabilis
693 2639 1021 2695 pronunciacio
1046 2638 1222 2695 penalis
1248 2644 1292 2680 et
1317 2639 1530 2680 execucio
1556 2638 1796 2695 fatalisque
1820 2638 2062 2687 sentencie,

451 2824 462 2847 ¹
480 2831 693 2878 ulcionique
709 2833 732 2866 S

450 2881 463 2903 ²
480 2888 597 2934 ipsius
614 2889 637 2922 S

449 2937 464 2959 ³
480 2943 653 2989 pereritas
669 2944 692 2977 S

449 2994 463 3016 ⁴
479 2999 549 3033 sub
566 3000 589 3033 S

450 3048 463 3070 ⁵
480 3055 632 3089 tortulas
652 3056 804 3101 Vulgate,
820 3056 980 3090 turculas
997 3057 1020 3090 S

449 3104 463 3126 ⁶
479 3111 620 3145 veniret
636 3112 671 3151 S,
687 3117 849 3146 vertatur
868 3112 1009 3157 Vulgare
