2132 3346
241 1026 293 1051 ³55

244 2029 296 2054 ³70

245 2366 297 2391 375

352 141 441 182 138
578 148 766 181 SERIUM
787 147 1093 181 SENECTUTls

351 273 442 315 Sed
460 278 505 315 et
522 272 689 315 talibus
707 273 837 328 uirge
854 272 1002 314 taliter
1018 272 1195 321 innexe,
1213 284 1295 328 per
1310 284 1452 327 quam
1469 270 1681 312 rethorici
1697 269 2034 325 subintelligere

352 339 675 382 rectitudinem
689 339 915 381 sermonis
929 339 1198 394 iusticieque
1210 338 1410 394 rigorem
1422 336 1492 378 fas
1505 341 1574 378 est
1587 341 1632 378 et
1645 335 2035 385 inflexibilitatem,

353 407 596 449 summitas
614 405 714 448 fore
731 405 876 448 fertur
893 419 1045 454 aurea,
1063 404 1218 447 media
1235 418 1348 446 uero
1367 417 1473 460 pars
1492 403 1693 460 glaucea'
1710 402 1860 445 finalis
1878 407 2034 444 autem

353 487 460 531 pars
489 472 580 530 134
594 474 601 530 Ι
627 473 769 530 picea.
785 471 1038 515 Rethorum
1051 485 1220 528 nempe
1234 484 1387 513 sermo
1402 469 1592 527 pulcher
1605 469 1822 526 apparet
1809 483 1858 511 m
1871 469 2035 526 princi-

354 541 447 597 pio!
459 540 792 616 subsequenter
804 539 1126 595 exasperatur'
1114 552 1163 580 in
1174 537 1345 586 medio,
1357 537 1570 593 nigrescit
1583 536 1772 578 tandem
1784 535 2036 612 condemp-

353 607 558 650 nacionis
582 607 631 648 in
651 605 828 648 vltimo.
852 606 923 648 Sic
946 618 1132 661 quoque
1154 604 1379 646 variatam
1401 595 1666 659 Maiugene1
1690 601 1924 644 volatilem
1945 602 2036 644 vir·

354 688 461 731 gam
481 673 572 716 dici
590 673 752 716 dicunt
769 686 865 715 non
882 673 981 715 sine
998 685 1138 714 causa
1154 670 1424 714 caduceum:
1444 684 1596 712 sermo
1615 683 1784 726 nempe
1801 683 1912 726 sepe
1928 667 2036 712 facit

353 747 399 783 et
432 741 700 798 eloquencia
733 739 899 782 cadere
932 739 1033 782 lites
1067 738 1466 795 turbulenciasque
1500 738 1767 794 iurgiorum.
1801 736 2037 778 Uocantur

353 822 555 865 namque
570 807 897 850 caduceatores
913 820 996 864 per
1010 820 1128 863 quos
1145 819 1258 863 pace
1272 804 1558 848 consolidata
1573 805 1667 847 rixe
1681 803 1855 846 cadunt
1868 808 1914 846 et
1928 816 2036 846 con-

354 876 602 924 tenciones'
620 888 711 931 que
729 873 910 931 singula
928 873 1154 915 sermonis
1173 872 1385 914 effectiue
1403 871 1503 913 fieri
1520 871 1741 927 contingit
1758 876 1804 912 et
1821 870 2037 927 eloquen-

354 943 422 984 cie
442 942 598 998 gratia.

419 1008 518 1063 [22]
541 1009 653 1050 Non
671 1012 828 1050 autem
848 1007 1100 1056 remissius,
1119 1011 1172 1048 ut
1191 1006 1416 1054 existimo,
1436 1010 1480 1047 te
1501 1005 1568 1046 tui
1587 1004 1846 1061 petulancia
1865 1002 2037 1060 splenis

355 1076 736 1132 intempestiuum
755 1074 1025 1132 prompcius
1045 1063 1422 1129 anomalumque²
1442 1076 1650 1114 moueret
1668 1070 1730 1113 ad
1747 1069 2037 1127 cachynnum

355 1142 483 1199 quod
505 1142 632 1184 idem
653 1141 713 1183 de
733 1140 984 1197 Philologia
1005 1140 1198 1196 loquens
1219 1139 1280 1181 ad
1300 1152 1494 1195 superos
1515 1151 1773 1186 ascensura,
1791 1137 2038 1179 bellissime

355 1210 419 1251 sic
452 1208 606 1251 scribit
637 1213 744 1265 post
775 1207 863 1249 alia
894 1206 1022 1264 quod
1055 1206 1309 1248 inmortalis
1341 1206 1433 1247 iam
1464 1204 1596 1253 facta,
1626 1205 1758 1260 virgo
1789 1202 2039 1259 Philologia

356 1277 569 1333 primitus
585 1275 837 1317 Athanasie
853 1274 1080 1330 matrique
1094 1287 1178 1315 sue
1193 1272 1524 1329 subsequenter
1539 1270 1796 1328 Apotheosi
1810 1269 2039 1327 supplica-

355 1344 487 1392 uerit'
502 1342 740 1398 multaque
757 1341 968 1383 litacione
985 1341 1178 1397 gratiam
1195 1339 1467 1396 persoluerit
1482 1351 1630 1395 eoque
1645 1337 1773 1394 quod
1791 1336 1852 1379 ad
1869 1337 2038 1379 inmor-

356 1410 577 1452 talitatem
609 1409 834 1451 transiens
865 1422 948 1450 nec
979 1407 1181 1450 Vedium
1210 1406 1392 1455 viderit!
1422 1419 1504 1448 nec
1536 1406 1700 1447 vsserit
1730 1418 1834 1447 eam
1863 1403 2038 1446 Vedius

356 1468 493 1534 igne1³
525 1490 608 1518 nec
641 1475 832 1533 lympha
864 1474 1101 1524 subluerit,
1132 1474 1284 1516 anime
1315 1487 1398 1515 nec
1430 1464 1548 1514 eius⁴
1579 1471 1910 1514 simulachrum
1939 1470 2039 1528 Syri

356 1544 602 1586 cuiusdam
622 1556 708 1600 pro
728 1543 948 1599 dogmate
966 1541 1289 1590 verberauerit,
1309 1553 1392 1582 nec
1412 1539 1546 1582 Phasi
1565 1540 1686 1581 senis
1706 1551 1792 1596 pro
1811 1539 1901 1580 ritu
1919 1537 2038 1580 Cha-

356 1611 500 1654 rontis
516 1610 775 1653 involutam
790 1608 1004 1652 manibus
1020 1607 1393 1651 inm0rtalitatem
1408 1607 1568 1649 mortis
1585 1605 1791 1662 auspicio
1805 1617 2039 1647 consecra·

356 1679 486 1721 uerit.
500 1678 644 1734 Atqui
656 1678 744 1720 nisi
758 1677 848 1719 tuis
861 1677 1103 1733 sepissime
1116 1675 1176 1718 de
1189 1674 1519 1717 temeritatibus
1532 1678 1718 1730 sumpte
1729 1671 2040 1715 coniecturali-

357 1751 485 1787 terue
508 1744 711 1787 crebrius
736 1748 976 1801 prenotata
1001 1757 1076 1785 me
1099 1742 1258 1784 fallant
1284 1742 1390 1798 (que
1415 1755 1518 1783 raro
1542 1754 1617 1782 me
1640 1738 1914 1794 fefellerunt)
1939 1752 2040 1795 pre·

357 1812 653 1868 sumpciones
669 1811 746 1853 uel
760 1815 1045 1867 argumenta,
1061 1823 1190 1852 more
1205 1814 1287 1851 tuo
1302 1808 1458 1850 statim
1472 1813 1523 1849 tu
1538 1807 1650 1849 tales
1665 1806 1791 1849 fatue
1805 1804 2040 1848 fastidien-

358 1879 422 1921 do
459 1878 872 1921 sermocinaciones
911 1876 1231 1933 horripilaliter
1268 1875 1538 1923 inhorreres,
1576 1873 1692 1916 dum
1729 1871 2040 1929 superficiales

357 1946 494 1987 solito
510 1945 632 1987 solas
649 1958 778 1986 more
795 1949 877 1986 tuo
893 1945 1075 2000 rituque
1092 1942 1349 1984 detestabili
1365 1954 1682 1998 perseuerares
1698 1941 1762 1981 sic
1778 1939 2041 1981 enunciato-

358 2026 463 2054 rum
496 2011 798 2067 contemplari
831 2009 1139 2058 crudelitates
1173 2008 1381 2085 dumque
1414 2007 1592 2049 causari
1626 2006 1914 2091 pertinaciter
1946 2017 2042 2046 non

358 2078 649 2121 erubesceres
676 2076 1016 2119 Inmortalitatis
1044 2076 1231 2133 propria
1257 2075 1350 2117 iam
1375 2074 1565 2130 virginis
1592 2087 1646 2115 ex
1674 2062 1845 2115 acerra⁵
1871 2071 2040 2113 litacio-

358 2160 454 2195 nes,
454 2137 800 2201 ⁶addicteque
787 2158 881 2187 iam
900 2157 996 2186 non
1014 2143 1167 2186 minus
1187 2140 1499 2185 inmortalitati
1531 2139 1628 2217 134
1642 2140 1648 2196 Ι
1679 2138 1784 2182 vel
1772 2139 1890 2196 ignis
1908 2151 2041 2181 exus·

358 2214 512 2255 siones
545 2212 622 2254 uel
655 2211 830 2269 limphe
863 2210 1171 2259 subluciones'
1204 2223 1287 2251 nec
1321 2222 1416 2251 non
1448 2213 1492 2250 et
1526 2208 1678 2249 anime
1711 2205 2041 2249 simulachrum

359 2280 683 2323 simulachrive
709 2293 854 2321 vanas
882 2277 1191 2335 ridiculasque
1216 2276 1576 2325 verberaciones,
1603 2274 1686 2317 sed
1714 2279 1759 2316 et
1785 2272 2042 2316 involutam

359 2348 604 2391 Charontis
630 2348 679 2390 in
702 2346 917 2390 manibus
942 2346 1053 2388 citra
1078 2345 1239 2388 mortis
1265 2344 1525 2400 auspicium
1548 2342 1624 2385 uel
1649 2342 1855 2398 auspicio
1880 2340 2040 2383 mortis

359 2415 745 2458 inmortalitatem.

434 2694 445 2716 ¹
433 2699 660 2772 ²Nauigene
675 2700 698 2734 S

433 2749 756 2802 ²anamolumque
772 2755 795 2789 S

433 2805 448 2829 ³
463 2822 531 2846 nec
555 2810 718 2845 Vedium
745 2808 964 2844 ..Vedius
989 2808 1076 2855 igne
1101 2809 1136 2848 S
1160 2818 1227 2842 nec
1253 2806 1414 2841 Vedium
1438 2816 1524 2840 cum
1551 2815 1662 2839 uxone
1686 2802 1924 2850 conspexerit
1949 2801 2042 2836 sicut

361 2867 542 2902 suadebat
555 2866 706 2907 Etruria,
718 2876 786 2901 nec
767 2837 1037 2905 Eumenidas,
1050 2870 1090 2898 ut
1103 2863 1292 2898 Chaldaea
1306 2862 1492 2902 miracula,
1505 2860 1721 2901 formidarit,
1733 2870 1800 2894 nec
1814 2859 1900 2905 igne
1912 2857 2042 2892 usserit

360 2922 557 2957 Martianus
574 2921 637 2968 (Cfi
654 2922 823 2956 4.403-12
841 2920 967 2961 below.)

433 2973 448 2996 ⁴
463 2988 547 3012 eam
564 2979 587 3012 S

434 3027 448 3050 ⁵
463 3044 507 3069 ex
523 3034 658 3077 acerra]
675 3042 841 3068 exacerra
859 3033 882 3067 S

433 3084 448 3106 ⁶
464 3090 687 3125 licitaciones
704 3091 727 3124 S
