2132 3346
243 501 294 526 755

262 1639 296 1664 10

262 2039 296 2064 15

263 2377 297 2402 20

355 151 444 193 118
581 159 769 192 SERIUM
790 158 1096 191 SENECTUTIS

355 284 502 340 magis
513 282 765 339 expediens
775 282 981 324 vtilitatis
991 281 1170 324 calamo
1181 281 1376 323 scribere
1385 282 1664 338 competenti
1674 282 1829 338 potius
1840 282 2038 323 inciteris

356 349 416 391 ad
445 350 746 391 incitatiuum.
776 349 1030 390 Uetustatis
1059 347 1266 404 profecto
1294 361 1478 404 semper
1505 353 1550 389 et
1578 347 1638 389 de
1667 348 1777 389 iuris
1806 348 2037 403 exigencia

354 415 619 458 venerande
634 415 899 458 studiorum
927 414 1039 471 127¹!
1066 414 1421 471 sompniculosis
1437 414 1611 456 addicti
1624 414 1874 456 sudoribus
1889 419 2039 471 poete,

355 497 450 540 quo
470 483 557 525 sibi
577 482 700 525 fame
721 473 1067 539 perpemitates¹
1089 481 1334 538 laudisque
1354 486 1723 538 promererentur
1743 480 2038 523 inmortalita-

356 555 438 600 tesl
454 550 900 607 pungitiuorumque
916 548 1076 591 dulces
1092 549 1378 605 premiorum
1394 549 1731 605 percepciones,
1747 553 1827 590 aut
1843 547 2038 590 delecta-

355 618 499 659 cionis
522 617 788 659 excitatiuas
812 621 893 658 aut
913 615 1119 657 vtilitatis
1142 615 1378 657 effectiuas
1401 615 1644 657 scribendo
1667 615 1788 657 solas
1811 614 2039 657 nitebatur

356 689 630 741 perpetuare
650 684 855 740 paginas.

944 878 1123 926 LIBER
1150 877 1454 938 QUARTUS

356 1020 450 1070 Qui
469 1019 598 1075 quod
619 1023 763 1075 agunt
782 1018 875 1074 agit
895 1019 943 1059 in
962 1017 1100 1059 simili
1119 1017 1290 1059 similes
1311 1017 1397 1059 sibi
1416 1016 1571 1073 plures

417 1085 587 1127 Officio
607 1086 768 1142 paucis
788 1084 1065 1126 ridiculosus
1085 1085 1181 1125 erit:

355 1153 401 1194 Si
421 1152 507 1194 sibi
527 1151 764 1194 dissimilis
784 1151 922 1193 simili
941 1150 1052 1192 velit
1071 1165 1172 1192 esse
1192 1150 1355 1199 sodali,

417 1218 628 1261 Pluribus
648 1219 697 1260 in
714 1218 795 1260 vili
813 1219 972 1260 viuere
991 1217 1095 1259 vilis
1115 1218 1211 1259 erit.

357 1286 579 1343 Quisquis
600 1286 648 1327 in
667 1290 763 1327 arte
782 1299 867 1326 sua
887 1284 1059 1326 similes
1080 1283 1166 1326 sibi
1184 1283 1259 1326 vel
1279 1283 1523 1325 meliorum

416 1353 598 1410 Spernit
617 1353 665 1394 in
684 1357 780 1394 arte
800 1351 969 1394 modos
988 1352 1066 1393 vix
1086 1351 1202 1393 bene
1222 1351 1387 1393 doctus
1407 1351 1504 1400 erit}

357 1421 603 1477 Precipuos
622 1421 695 1461 vir
713 1420 910 1476 quisque
929 1433 1069 1476 sagax
1089 1424 1288 1460 sectatur
1307 1423 1485 1460 amator

417 1488 542 1530 Artis
563 1488 611 1529 in
630 1492 726 1529 arte
746 1501 831 1529 sua
850 1487 898 1529 ni
918 1485 1038 1528 male
1057 1485 1183 1528 fidus
1204 1491 1337 1528 amet.

357 1555 476 1611 Ergo
496 1559 598 1596 tuas
619 1553 782 1611 procul
801 1545 1039 1610 ambages²
1058 1558 1103 1595 et
1122 1552 1263 1595 verba
1282 1552 1455 1608 releges

417 1622 616 1663 Dissona
636 1621 868 1663 consuetis
887 1620 1048 1662 vsibus
1069 1625 1206 1676 atque
1226 1619 1394 1668 modis5

357 1689 541 1745 Nempe
560 1701 711 1730 nouos
731 1688 1012 1744 quicumque
1032 1686 1201 1729 modos
1221 1686 1308 1728 sibi
1327 1687 1468 1728 sumit
1487 1691 1532 1727 et
1551 1699 1663 1727 vsus

417 1755 510 1797 Soli
529 1756 606 1797 vix
625 1755 844 1811 cuiquam
863 1755 940 1796 vix
960 1753 1077 1795 bene
1096 1753 1249 1795 lautus
1269 1753 1365 1795 erit.

422 1888 493 1942 [1.]
516 1889 670 1937 Porro,
691 1893 941 1945 postquam
962 1887 1067 1929 talia
1089 1900 1357 1929 sermonum
1378 1891 1576 1928 scemate
1597 1890 1691 1927 tam
1712 1884 1888 1927 diffuso
1908 1897 2041 1926 meus

358 1956 421 1997 sic
450 1955 624 1997 sodalis
651 1954 881 1996 effuderat
907 1954 1062 2003 verba,
1088 1954 1221 2010 quasi
1248 1953 1308 1995 de
1335 1954 1429 1995 rixe
1455 1952 1530 1994 uel
1556 1951 1866 1994 contencionis
1892 1950 2042 1992 forma

358 2022 613 2079 plurimum
638 2021 886 2064 referencia
911 2021 987 2063 uel
1013 2021 1176 2077 iurgiol
1200 2020 1340 2062 verba
1367 2021 1430 2062 sic
1455 2020 1557 2076 cepi
1582 2033 1677 2061 non
1701 2019 1854 2060 minus
1881 2017 2042 2059 acerba

358 2090 645 2146 repositurus
665 2089 808 2131 velud
829 2102 884 2131 ex
905 2088 1118 2130 aduerso:
1140 2088 1314 2129 Reuera
1335 2088 1399 2129 mi
1420 2100 1577 2128 meum
1597 2099 1752 2128 comes
1773 2098 1911 2127 omne
1929 2085 2040 2126 citra

357 2156 663 2199 commodum
681 2155 812 2198 modi
829 2160 974 2198 metas
993 2154 1131 2197 michi
1148 2159 1390 2197 consuetas
1408 2153 1668 2196 excedentis
1685 2157 1754 2195 est
1771 2151 2041 2194 admiracio-

358 2225 429 2266 nis
452 2224 750 2266 excitatiuum
773 2222 902 2280 quod
927 2223 1192 2265 temeritatis
1217 2222 1265 2264 in
1287 2221 1584 2278 proteruitate
1606 2221 1668 2262 sis
1693 2219 1812 2262 adeo
1835 2219 2041 2276 pertinax

358 2292 799 2349 perseueranciaque
822 2290 1244 2339 deliramentorum;
1268 2289 1460 2331 delirare
1482 2288 1673 2345 quidem
1694 2287 1770 2329 uel
1792 2285 2041 2344 aliquando

359 2359 447 2402 sub
469 2359 566 2401 sole
591 2359 843 2416 spirantem
866 2372 962 2400 non
984 2363 1053 2400 est
1077 2357 1323 2400 insolencie
1346 2356 1420 2398 vel
1443 2355 1828 2398 consternacionis
1852 2354 2042 2396 incitati-

358 2441 486 2469 uum.
504 2428 689 2483 Nempe
705 2426 843 2468 nichil
859 2426 1075 2468 humanis
1091 2426 1140 2467 in
1155 2424 1501 2467 invencionibus
1518 2428 1587 2465 est
1603 2423 1797 2465 inveniri
1811 2421 2042 2464 condicio-

359 2494 554 2536 nibusve
580 2485 674 2536 uel³
700 2494 777 2535 vix
818 2492 935 2550 Ι27Ἴ
974 2492 1147 2549 aliquid
1174 2506 1229 2534 ex
1256 2492 1383 2533 omni
1410 2496 1538 2548 parte
1564 2488 2042 2547 perfeccionaliterque

358 2566 698 2604 consumatum.
731 2560 821 2603 Sed
855 2560 903 2602 id
937 2559 1144 2616 profecto
1177 2572 1360 2601 summe
1393 2572 1498 2600 meo
1531 2558 1725 2614 sapienti
1756 2555 1940 2599 cuilibet
1972 2559 2041 2597 est

359 2629 683 2671 admiracionis
702 2629 863 2684 ingens
880 2619 1038 2669 causa⁴
1056 2626 1228 2668 iudicio
1245 2625 1373 2682 quod
1391 2639 1441 2667 se
1458 2639 1542 2667 sua
1559 2629 1724 2681 sponte
1741 2637 1931 2665 suarum
1948 2635 2043 2664 non

359 2695 630 2752 interpolate
650 2695 848 2737 stolidus
869 2694 1106 2736 involuere
1126 2694 1274 2750 pergit
1294 2694 1342 2735 in
1359 2692 1602 2734 volutabro
1623 2691 1942 2733 temeritatum.

432 2928 444 2950 ¹
462 2933 716 2980 perpetuitatis
733 2934 755 2967 S

432 2984 446 3007 ²
461 2989 629 3036 ambiges
646 2990 668 3024 S

431 3039 446 3061 ³
462 3046 522 3080 uel
538 3046 587 3080 ed.

431 3095 446 3117 ⁴
461 3112 572 3136 causa
588 3102 637 3135 ed.
