2132 3346
247 684 298 709 510

246 1019 297 1044 515

244 1352 296 1377 520

244 1687 295 1712 525

242 2022 294 2047 530

241 2358 293 2384 535

361 135 452 175 104
588 143 775 177 SERIUM
796 143 1102 177 SENECTUTIS

361 267 574 324 precibus
603 268 749 310 eciam
778 268 924 310 multa
951 268 1150 311 conditis
1178 269 1404 311 redimere
1433 276 1743 326 procurarent,
1772 271 1888 313 dum
1915 271 2043 314 solus

361 334 748 377 Macedoniorum
763 349 855 385 rex,
870 335 1082 392 proditor
1096 341 1141 377 et
1156 336 1374 392 paricida,
1390 336 1666 387 Ptolomeus,
1681 337 1941 380 infortuniis
1957 352 2042 395 pro

361 401 480 443 uelle
504 402 626 443 Iouis
650 401 849 458 fedeque
873 401 1081 444 fatalitati
1106 402 1376 452 destinatus,
1398 403 1639 445 Gallorum
1662 404 1938 460 prestolatur
1961 405 2042 447 ad-

360 460 546 509 uentus¹
570 473 615 510 et
637 468 785 510 audiit
806 468 1079 525 intrepidus,
1099 468 1218 511 forte
1239 470 1336 511 suis
1358 469 1445 511 sibi
1466 484 1599 526 spem
1621 484 1798 527 ponens
1820 471 1973 513 adhuc
1995 472 2044 513 in

361 533 721 591 prodicionibus.
755 534 833 577 Ille
866 535 1058 592 quidem
1090 549 1199 577 cum
1232 536 1392 592 paucis
1425 541 1470 578 et
1503 536 1564 578 ad
1598 536 1890 593 preliandum
1923 551 2042 594 pene

361 601 693 657 incompositis,
708 602 841 658 quasi
857 601 1000 658 prelia
1015 616 1112 644 non
1127 601 1360 644 difficilius
1377 602 1739 659 periculosiusue
1755 609 2042 660 patrarentur

360 681 502 724 quam
520 668 814 724 prodiciones
832 673 877 710 et
894 668 1129 725 paricidia,
1147 669 1477 725 paricidiorum
1493 669 1611 712 forte
1628 669 1758 712 furiis
1775 671 2043 727 exagitatus,

360 748 598 777 occurrere
612 736 838 792 presumit
852 735 1219 778 aduenientibus.
1233 735 1323 778 Sed
1339 735 1399 778 ad
1415 735 1711 779 detectiorem
1725 751 1809 779 sue
1821 736 2042 780 fatuitatis

360 802 714 852 inmensitatem,
739 802 1066 845 Dardanorum
1093 802 1265 845 delirus
1292 802 1593 846 offerencium
1619 804 1705 846 sibi
1729 805 1892 861 viginti
1916 804 2042 847 milia

360 868 724 911 subsidiatorum
735 869 937 926 superbo
949 870 1125 926 spreuit
1134 869 1257 912 fastu
1268 870 1564 927 legacionem,
1574 871 1886 928 superadditis
1896 872 2042 914 eciam

359 936 423 978 sic
450 935 749 978 stolidissime
773 936 1076 979 contumeliis:
1102 938 1275 979 Actum
1299 937 1359 979 de
1384 929 1691 980 Macedoniis²
1715 939 1778 981 ait
1802 939 1895 981 iam
1919 953 2042 981 nunc

358 1002 545 1044 videtur
576 1016 678 1045 esse
712 1008 877 1053 totum,
909 1004 949 1045 si
981 995 1109 1045 cum³
1141 1004 1325 1060 pridem
1357 1005 1453 1046 suis
1487 1006 1710 1047 orientem
1742 1005 2042 1047 solummodo

358 1069 533 1111 viribus
554 1069 845 1112 domuissent
864 1071 1150 1120 vniuersum,
1168 1085 1362 1112 suorum
1381 1085 1503 1113 nunc
1523 1072 1571 1113 in
1590 1071 1858 1114 defensione
1875 1071 2042 1114 finium

358 1135 713 1178 Dardaneorum
733 1136 934 1193 denique
954 1137 1289 1193 supplementis
1309 1137 1625 1179 subsidiorum
1644 1143 1689 1180 et
1709 1138 2041 1180 adiectionibus

358 1201 628 1258 indigerent.
650 1202 822 1244 Milites
843 1216 893 1244 se
914 1202 1106 1245 subiecit
1126 1203 1293 1245 habere
1313 1203 1434 1245 filios
1455 1218 1618 1246 eorum
1638 1205 1718 1260 qui
1738 1204 1826 1246 sub
1846 1204 2041 1247 Alexan-

359 1268 459 1318 dro,
484 1270 631 1311 tocius
656 1269 779 1311 orbis
804 1274 1029 1311 terrarum
1054 1269 1297 1319 domitore,
1321 1270 1543 1312 demerita
1567 1285 1775 1313 meruere
1797 1271 2039 1327 stipendia.

357 1335 447 1377 Sed
479 1335 560 1378 ubi
592 1341 687 1378 tam
719 1337 959 1378 temeraria
991 1337 1210 1379 Dardano
1242 1338 1338 1393 regi
1370 1337 1475 1379 talia
1507 1338 1728 1380 Ptolomei
1760 1338 1881 1380 dicta
1912 1338 2040 1380 fuere

357 1404 586 1452 nunciata,
606 1395 941 1445 Macedonum⁴
963 1409 1058 1445 tam
1078 1403 1231 1445 nobile
1252 1418 1447 1460 regnum
1469 1410 1563 1446 tam
1584 1404 1703 1446 male
1724 1405 1892 1447 maturi
1912 1406 2040 1447 iuue-

357 1470 428 1511 nis
448 1471 497 1511 in
515 1469 645 1512 breui
665 1471 919 1512 temeritate
939 1470 1078 1512 simul
1097 1476 1142 1512 et
1161 1471 1408 1513 insolencia
1429 1471 1542 1513 dixit
1561 1485 1662 1513 esse
1682 1473 1923 1514 ruiturum.

422 1536 521 1591 [33.]
543 1538 655 1579 Non
685 1542 841 1579 autem
872 1537 992 1579 male
1022 1539 1295 1580 coniectauit
1325 1538 1526 1580 verbaue
1555 1539 1627 1580 vir
1657 1538 1862 1595 prudens
1894 1539 2041 1581 taliter

357 1603 507 1646 effusa
527 1603 649 1646 fudit
669 1605 717 1646 in
735 1605 927 1646 irritum.
948 1596 1135 1647 Truces⁵
1154 1610 1199 1647 et
1218 1606 1342 1647 enim
1361 1605 1494 1655 Galli,
1514 1605 1851 1662 bellissimeque
1869 1605 2039 1648 bellicis

357 1672 405 1712 in
431 1671 694 1713 accionibus
721 1686 922 1728 sagaces,
948 1686 1043 1728 quo
1069 1672 1385 1714 Macedonum
1411 1678 1769 1729 pretemptarent
1795 1679 1840 1715 et
1866 1674 2041 1715 animo—

357 1739 512 1780 sitates
528 1744 573 1780 et
588 1738 846 1788 audaciam,
861 1739 1036 1796 legatos
1052 1739 1112 1781 ad
1129 1739 1418 1781 Ptolomeum
1433 1741 1759 1790 transmittunt,
1774 1741 1863 1797 ipsi
1877 1754 2040 1797 pacem

357 1806 397 1855 si
411 1805 637 1847 redimere
652 1805 851 1848 voluerit
866 1805 1112 1848 offerentes
1127 1806 1351 1848 venalem.
1368 1807 1457 1849 Sed
1474 1807 1782 1856 Ptholomeus,
1797 1808 1914 1849 inter
1927 1821 2039 1849 suos

356 1871 462 1913 belli
482 1878 610 1914 metu
630 1887 794 1929 pacem
814 1878 970 1929 petere
988 1873 1147 1915 Gallos
1170 1873 1414 1930 (gallorum
1447 1873 1564 1930 Ι22Ἴ
1596 1888 1725 1915 more
1745 1875 1842 1915 suis
1861 1875 1911 1916 in
1929 1879 2040 1915 ster-

356 1938 556 1995 quiliniis
583 1953 800 1996 supreme
826 1939 1144 1996 gloriancium)
1172 1940 1406 1997 gloriatus,
1431 1954 1526 1982 non
1550 1941 1703 1982 minus
1729 1941 1965 1982 minaciter
1989 1954 2039 1982 se

355 2005 596 2048 Gallorum
614 2020 771 2048 coram
790 2006 950 2063 legatis
969 2020 1111 2063 quam
1129 2020 1240 2049 suos
1259 2008 1376 2049 inter
1394 2007 1480 2049 sibi
1497 2007 1743 2049 familiares
1761 2008 1926 2049 iactare
1944 2020 2040 2049 non

356 2073 618 2129 supersedit
636 2074 701 2115 eis
721 2087 771 2115 se
789 2087 885 2115 non
903 2073 1031 2115 aliter
1049 2087 1212 2130 pacem
1231 2073 1451 2116 daturum
1469 2075 1557 2116 nisi
1575 2088 1686 2116 suos
1704 2074 1790 2116 sibi
1809 2075 2038 2131 principes

356 2154 576 2197 armaque
593 2141 937 2198 resignauerint.
956 2141 1068 2183 Non
1084 2141 1208 2183 enim
1225 2155 1275 2183 se
1292 2140 1438 2183 fidem
1456 2140 1653 2198 superbe
1671 2141 1851 2183 dicebat
1867 2141 1933 2183 eis
1951 2141 2039 2183 nisi

355 2207 495 2249 nudis
508 2213 553 2249 et
566 2207 818 2250 inermibus
832 2207 1110 2250 habiturum.
1125 2207 1334 2250 Relatum
1347 2208 1434 2250 sibi
1447 2214 1542 2250 tam
1554 2208 1721 2250 stolide
1733 2207 2037 2265 superbientis

354 2274 474 2316 Galli
490 2275 630 2317 risere
646 2289 938 2332 responsum,
955 2275 1260 2332 dedignantes
1277 2275 1680 2318 conclamauerunt
1697 2290 1757 2318 an
1772 2275 1858 2318 sibi
1873 2289 2039 2318 consu·

355 2341 498 2384 lentes
519 2356 579 2384 an
598 2343 687 2399 ipsi
707 2356 870 2400 pacem
890 2342 1223 2400 preoptulerint
1242 2343 1291 2385 in
1308 2342 1438 2385 breui
1457 2357 1715 2385 sensurum.

419 2409 518 2464 [34]
541 2409 715 2452 Diebus
729 2411 883 2467 itaque
895 2424 992 2452 non
1004 2410 1161 2452 multis
1174 2410 1506 2468 subsequenter
1518 2411 1774 2460 interiectis,
1786 2410 2037 2453 horrisonis

357 2477 425 2533 (ut
441 2476 511 2533 fit)
530 2477 651 2519 vltro
668 2478 875 2534 citroque
891 2477 1205 2527 concursibus,
1222 2477 1394 2520 bellum
1411 2479 1677 2528 conseritur;
1694 2478 1803 2520 victi
1819 2477 2037 2520 Macedo-

354 2558 435 2586 nes
450 2545 706 2586 miserrime
718 2544 960 2594 ceduntur,
975 2545 1253 2594 Ptolomeus,
1265 2559 1415 2601 nuper
1428 2545 1547 2587 adeo
1560 2550 1807 2587 contumax
1820 2550 1865 2587 et
1878 2558 2037 2601 super-

354 2610 455 2660 bus,
473 2625 615 2668 quam
634 2611 844 2668 plurimis
863 2613 1147 2668 preexceptis
1165 2613 1344 2668 capitur
1361 2612 1623 2661 wlneribus;
1641 2617 1780 2669 caput
1797 2612 1910 2660 eius,
1928 2612 2037 2654 Ioue

427 2854 438 2876 ¹
455 2860 642 2895 aduentus
659 2861 694 2901 S,
709 2861 917 2895 aduentum
932 2861 1041 2904 lustin

426 2909 439 2932 ²
455 2915 700 2959 Macedoniis]
719 2915 998 2950 Lacedemoniis
1015 2916 1050 2956 S,
1066 2915 1287 2950 Macedonia
1302 2915 1411 2959 lustin

425 2966 440 2988 ³
455 2972 485 3006 si
501 2981 588 3006 cum
603 2972 725 3015 lustin,
741 2982 853 3006 suum
870 2973 893 3006 S

425 3021 439 3043 ⁴
455 3028 722 3071 Macedonum]
740 3028 983 3062 Macedorum
1001 3029 1036 3068 S,
1051 3028 1296 3062 Macedoniae
1309 3028 1417 3071 lustin

425 3076 440 3098 ⁵
454 3083 600 3127 Truces]
617 3084 747 3118 Traces
763 3084 798 3124 S,
812 3094 876 3118 om.
894 3083 1002 3127 lustin
