2132 3346
246 417 297 443 110

246 752 298 778 115

246 1086 298 1111 120

247 1421 298 1446 125

248 1757 299 1782 130

248 2091 299 2116 135

359 134 448 176 178
585 142 774 175 SERIUM
795 142 1100 175 SENECTUTIS

359 266 527 324 quibus
549 267 757 309 Romana
778 280 851 308 res
873 266 1057 323 publica
1078 265 1342 308 viuentibus
1364 265 1425 308 ad
1447 265 1671 308 invidiam
1693 258 1808 308 iure¹
1832 266 2042 308 domina-

358 334 503 376 cionis
517 333 804 390 dicionisque
816 332 1023 375 fimbrias
1036 346 1219 375 summe
1231 332 1455 375 felicitatis
1467 333 1816 375 continuacione
1826 333 2042 375 comitata

360 400 582 442 dilatauit.
599 401 725 442 Nota
742 401 852 442 satis
869 391 972 449 est,²
988 405 1041 441 ut
1057 413 1273 456 auguror,
1289 399 1418 456 quod
1437 399 1677 441 dumtaxat
1692 413 1840 441 vnum
1856 405 2042 456 tangere

359 480 608 524 pergamus
630 466 703 509 hic
726 466 993 523 exemplum
1016 465 1234 508 diffusius
1257 465 1368 508 alias
1390 466 1699 522 explanatum,
1720 465 2042 522 compitaliter-

359 525 468 591 que³
506 533 726 590 diwlgata
762 532 960 575 deorum
997 538 1093 574 tam
1129 546 1360 590 propensa
1396 537 1583 589 tamque
1618 533 1824 589 propicia
1860 531 2043 589 pridem

358 601 533 643 ciuitati
544 601 689 643 Rome
700 599 1029 643 beniuolencia.
1042 600 1168 642 Deus
1181 599 1364 657 pridem
1375 600 1593 656 precipue
1605 598 1887 642 reuerendus
1899 598 2043 642 fertur

360 667 711 710 abhominabilis
736 668 785 710 in
809 668 961 724 specie
985 667 1210 723 serpentis
1235 666 1293 709 ab
1316 666 1549 723 Epidauro
1574 667 1831 709 Mercurius
1855 666 2043 723 nauigio

359 736 556 777 Romam
569 735 938 777 reuerentissime
951 738 1302 790 transportatus,
1314 734 1394 790 qui
1407 733 1592 775 fatalem
1606 733 1787 775 diucius
1800 733 1849 775 in
1859 733 2043 775 ciuitate

360 807 692 859 peruagantem
705 801 877 843 salubri
889 802 1092 843 numinis
1106 800 1364 842 obliterauit
1378 801 1612 857 presencia
1625 799 1951 857 pestilenciam,
1962 800 2044 857 qui

360 868 647 925 temporibus
681 869 730 910 in
762 867 849 910 illis
883 869 1030 910 eciam
1063 881 1149 924 pro
1183 867 1274 909 deo
1307 868 1452 909 Rome
1484 881 1644 909 reuera
1676 867 2043 909 reuerentissime

360 940 522 992 postea
552 935 735 977 diucius
765 934 993 991 Esculapii
1023 934 1111 976 sub
1140 933 1453 990 appeHacione
1481 933 1568 975 fuit
1597 934 1914 983 autenticatus,
1941 938 1987 975 et
2015 946 2043 975 a

360 1003 578 1044 Romanis
600 1001 734 1044 thure
753 1006 799 1044 et
819 1001 1066 1050 sacrificiis,
1086 1000 1419 1057 sollempnibus
1440 1005 1484 1043 et
1504 1001 1626 1042 uotis
1647 1000 1828 1042 deitatis
1849 1001 1898 1042 in
1915 1013 2044 1042 reue-

360 1070 511 1111 rencia
531 1069 834 1111 deuotissime
853 1067 1073 1125 placatus.

424 1135 495 1190 [9.]
518 1136 630 1178 Non
647 1141 803 1177 autem
821 1135 1140 1184 multominus,
1157 1140 1209 1176 ut
1227 1134 1366 1176 michi
1382 1134 1542 1175 videre
1559 1133 1735 1183 videor,
1754 1132 2044 1175 diouolaliter

360 1208 429 1245 est
454 1202 730 1259 diwlgatum
754 1201 949 1259 qualiter
973 1202 1146 1258 Egipcii
1170 1207 1265 1243 tam
1290 1200 1670 1243 subsannabiliter
1696 1200 1764 1256 (ut
1788 1213 1884 1242 non
1906 1199 2043 1242 nullis

359 1269 618 1319 videbatur,
638 1275 782 1326 utque
803 1270 920 1311 sicut
939 1269 1146 1310 coniecto
1167 1269 1260 1310 iam
1281 1282 1403 1310 nunc
1422 1268 1623 1323 videtur)
1645 1267 1814 1309 fuerint
1834 1266 2043 1308 infatuati

360 1337 489 1394 quod
507 1338 676 1393 Apem,
693 1341 879 1378 taurum
896 1335 1110 1377 videlicet
1128 1336 1176 1377 in
1191 1335 1386 1377 humero
1405 1335 1566 1376 dextro
1583 1334 1731 1376 lunari
1749 1335 1881 1390 signo
1898 1334 2043 1376 corni-

360 1404 503 1446 culari
518 1403 721 1446 candido
739 1404 1055 1459 patentissime
1072 1403 1318 1458 signatum,
1336 1401 1419 1443 sed
1437 1407 1482 1443 et
1499 1416 1525 1443 a
1542 1401 1734 1443 flumine
1750 1400 2045 1443 consuetudi-

360 1470 522 1512 naliter
545 1483 799 1527 egressum,
823 1469 995 1511 diuinis
1019 1469 1272 1511 honoribus
1297 1482 1528 1525 suumque
1552 1467 1720 1509 fuerint
1743 1467 2044 1509 deuotissime

361 1538 479 1580 sicut
493 1537 637 1580 deum
652 1537 897 1594 prosecuti;
913 1536 1121 1593 dumque
1135 1535 1420 1578 confluentes
1436 1535 1495 1577 ad
1510 1549 1619 1577 eum
1634 1535 1766 1592 quasi
1779 1533 2044 1577 confedera-

361 1605 462 1648 liter
499 1619 676 1655 omnes,
714 1605 934 1662 omnique
972 1605 1258 1646 musicorum
1297 1617 1461 1660 genere
1499 1603 1758 1660 psallentes,
1796 1603 1844 1645 in
1880 1615 2044 1644 susum

361 1678 533 1715 starent
551 1673 838 1730 aspicientes,
857 1673 906 1714 in
923 1686 1027 1714 aere
1045 1671 1284 1714 leuabatur
1302 1676 1347 1713 et
1366 1685 1506 1727 super
1523 1684 1603 1712 eos
1623 1676 1860 1727 tamquam
1878 1669 2044 1711 saliens

361 1739 592 1782 ferebatur
614 1745 659 1782 et
684 1739 917 1788 admotus,
954 1738 1071 1795 Ι47Ἴ
1107 1738 1182 1781 vel
1206 1739 1431 1780 staciones
1456 1738 1601 1794 ipsius
1626 1738 1715 1794 ipsi
1738 1736 2045 1779 mouebantur

361 1806 437 1861 uel
456 1807 651 1856 stabant,
670 1806 929 1863 eademque
949 1805 1026 1847 die
1045 1811 1152 1862 post
1171 1804 1516 1847 euanescebant.

425 1873 525 1928 [10.]
547 1874 618 1916 Sic
642 1875 797 1930 itaque
822 1873 996 1915 diuersi
1020 1872 1218 1914 deorum
1242 1872 1506 1914 numinisue
1530 1871 1678 1913 diuini
1701 1870 1790 1912 sub
1812 1870 1960 1918 sectis,
1984 1869 2045 1911 de

362 1940 544 1982 deitatis
563 1941 737 1982 vnitate
755 1939 894 1982 nichil
913 1940 1104 1981 omnino
1122 1944 1348 1988 curantes,
1366 1952 1450 1980 sua
1470 1937 1558 1979 sub
1576 1937 1890 1994 prosperitatis
1909 1935 2045 1978 indif-

361 2007 552 2050 ferentia
571 2007 832 2049 diutissime
851 2012 1060 2062 tempora
1081 2010 1409 2062 transegerunt.
1430 2005 1594 2060 Pergas
1613 2005 1750 2060 igitur
1768 2009 1813 2046 et
1832 2003 1892 2045 de
1911 2008 1989 2045 tue
2006 2003 2046 2045 si

362 2074 470 2116 libet
482 2074 710 2116 liberrime
722 2075 896 2116 iactites
910 2074 1123 2115 animeue
1134 2072 1210 2114 uel
1222 2073 1409 2128 spiritus
1423 2085 1612 2128 prorsus
1625 2071 1818 2112 inaniter
1829 2071 2045 2112 inmorta-

361 2133 518 2190 litate,⁴
535 2141 919 2198 perhenniterque
937 2131 1178 2181 duratura⁵
1196 2139 1255 2181 de
1272 2138 1505 2187 vitalitate,
1522 2138 1597 2180 uel
1615 2137 1803 2179 diffidas
1821 2128 1887 2179 in⁶
1904 2137 2045 2178 racio-

361 2208 497 2251 nibus
531 2207 985 2265 argumentalibusue
1018 2206 1251 2256 subsidiis,
1283 2205 1359 2248 uel
1392 2207 1431 2248 si
1463 2219 1578 2262 quas
1611 2204 1671 2247 ad
1705 2217 1870 2247 manus
1903 2203 2044 2246 habes

362 2275 718 2333 probacionibus
749 2281 878 2317 tuam
907 2274 1189 2331 subpodiare
1218 2273 1459 2316 firmiusue
1488 2273 1818 2329 subsequenter
1847 2270 2046 2313 solidare

362 2334 613 2386 racionem⁷
633 2356 865 2400 procures.

435 2746 447 2768 ¹
465 2751 544 2786 iura
561 2752 584 2785 S

435 2800 449 2823 ²
464 2813 519 2841 est
534 2807 583 2841 ed.

435 2856 449 2879 ³
465 2874 553 2910 -que
568 2863 617 2897 ed.

435 2913 449 2935 ⁴
466 2917 745 2952 inmortalitates
762 2918 785 2951 S

435 2969 450 2991 ⁵
466 2974 644 3008 ducatura
662 2975 685 3007 S

435 3024 450 3046 ⁶
466 3030 620 3064 diffidas
636 3029 688 3073 in]
706 3028 900 3064 indiffidas
918 3029 940 3062 S

436 3080 451 3102 ⁷
466 3086 652 3121 racionem
667 3086 716 3120 ed.
