2132 3346
271 491 322 516 720

271 825 322 849 725

271 1159 322 1184 730

272 1828 323 1853 740

272 2164 322 2189 745

272 2501 323 2526 750

384 143 473 184 116
610 150 798 183 SERIUM
819 150 1124 183 SENECTUTIS

384 275 575 315 omnino
589 274 676 315 sibi
689 275 927 315 contrariis
942 274 1234 330 coniungere,
1249 273 1510 315 dissonisue
1525 274 1611 315 sibi
1625 273 1835 315 funditus
1850 274 2065 316 addicere

384 354 628 396 perperam
665 341 913 396 minusque
950 340 1276 381 conuenienter
1313 339 1490 381 officiis.
1529 341 1703 382 Reuera
1740 354 1874 382 suam
1911 341 2064 396 quiuis

384 406 766 449 subsannabiliter
798 407 908 449 satis
941 405 1155 463 detegere
1187 407 1336 463 pergit
1367 407 1651 463 impericiam
1682 420 1958 463 morumque
1989 406 2066 449 uel

384 475 526 516 animi
549 474 913 531 peruersitatem,
936 474 1030 530 qui,
1052 487 1161 515 cum
1184 474 1294 515 recti
1317 487 1427 515 sane
1451 473 1582 515 saluo
1605 474 1830 515 sermonis
1854 479 2066 524 scemate,

383 542 631 597 cursuique
646 531 989 583 consuetudini¹
1007 539 1256 582 Vniuersali
1270 545 1583 596 competenter
1599 540 1853 582 accomodo
1869 540 2066 583 suadere

384 609 531 665 possit
546 608 759 664 apposite
773 607 850 649 uel
865 608 985 649 serio
1001 607 1153 649 dicere
1168 606 1296 663 quod
1313 612 1435 649 tenet
1450 608 1499 649 in
1513 608 1753 663 proposito
1768 607 2066 664 persuadere-

383 689 444 716 ue
460 675 693 731 proponit,
710 674 982 731 ambagibus
999 674 1278 716 inconsuetis
1295 673 1635 731 verborumque
1651 673 1861 716 vafreciis
1877 674 2065 716 remotis

384 755 411 783 a
421 741 628 798 partibus
639 741 929 797 externisque
940 740 1229 782 derisibiliter
1238 741 1462 782 arcersitis
1474 740 1704 782 declarare
1714 740 1873 783 mawlt
1883 740 2066 797 detege-

384 799 512 849 reue²
531 807 660 864 quod
681 806 889 849 intendit,

448 874 547 929 [46.]
570 875 714 931 Atqui
729 875 935 917 cuiusuis
951 874 1124 916 iudicio
1139 875 1310 916 sensati
1324 873 1503 924 iudicis,
1519 874 1806 916 derisibiliter
1818 873 2004 916 videtur
2018 874 2067 916 in

383 942 459 984 via
480 941 673 984 delirare
694 941 989 984 discrecionis
1009 942 1102 998 qui,
1121 955 1230 983 cum
1249 955 1360 983 suos
1381 940 1562 998 publice
1581 942 1728 998 possit
1746 946 1885 983 strate
1903 940 2067 983 milita-

384 1010 505 1051 risve
530 1000 706 1051 medio³
730 1008 806 1051 vel
828 1008 1035 1051 vicinalis
1060 1009 1109 1050 in
1131 1008 1325 1065 planicie
1349 1008 1425 1050 uel
1449 1000 1606 1065 plano⁴¹
1644 1007 1760 1065 126Ἴ
1797 998 2066 1050 itinerarias⁵

384 1077 494 1118 citra
512 1075 807 1118 difficultates
825 1075 1022 1132 dirigere
1039 1089 1238 1131 gressus,
1255 1074 1635 1117 diuerticulorum
1650 1074 1948 1131 confragosos
1965 1088 2066 1131 pre-

384 1142 570 1199 elegerit
593 1143 678 1184 iter
701 1156 836 1199 agere
860 1156 943 1199 per
966 1141 1209 1184 anfractus.
1234 1141 1324 1183 Sed
1349 1155 1439 1198 que
1462 1155 1571 1183 nam
1595 1140 1960 1183 subsannabilior
1983 1155 2066 1183 oro

385 1209 511 1251 dicas
526 1209 602 1251 uel
616 1210 810 1251 racionis
826 1223 852 1251 a
866 1209 1123 1251 sinceritate
1136 1209 1362 1251 semocior
1376 1222 1531 1250 rerum
1544 1209 1766 1258 iunctura,
1778 1208 2067 1264 coniugacio-

383 1291 442 1319 ve
468 1276 544 1319 uel
569 1276 737 1334 copula
764 1267 1040 1318 sodalitatis⁶
1065 1276 1265 1318 maxime
1291 1275 1637 1318 matrimonialis
1664 1276 1713 1317 in
1737 1274 1900 1325 forma,
1924 1289 2066 1332 quam

384 1343 507 1400 ligue
524 1335 777 1400 animique⁷
793 1343 1019 1400 nupcialis
1037 1348 1081 1385 et
1099 1342 1310 1385 anomale
1326 1343 1605 1385 conueniens
1622 1342 1896 1385 adlateracio
1913 1341 2066 1384 fundi-

385 1416 459 1452 tus
475 1416 519 1452 et
535 1411 819 1452 inconcinna.
835 1409 963 1461 Quid
980 1411 1133 1466 itaque
1149 1409 1292 1451 solius
1308 1410 1453 1451 eciam
1469 1409 1566 1451 sola
1582 1410 1786 1451 sonantis
1802 1410 1851 1451 in
1865 1422 2067 1465 pronun-

384 1478 586 1519 ciacione
611 1477 837 1519 sermonis
863 1477 1247 1518 inconsonancius
1273 1490 1415 1533 quam
1439 1481 1548 1517 vota
1574 1475 1747 1532 liguam
1772 1476 1968 1532 migrare
1992 1474 2068 1517 uel

385 1544 593 1585 animum
634 1543 752 1585 velle
794 1542 1211 1585 conuencionaliter
1252 1542 1312 1584 ad
1355 1541 1730 1584 matrimonialia?
1773 1542 2066 1584 Conueniens

385 1610 592 1667 profecto
623 1610 760 1653 fuerit
791 1610 906 1667 quid
938 1611 1156 1667 cuiquam
1187 1610 1417 1652 rarissime
1449 1610 1514 1651 rei
1545 1610 1643 1651 sine
1674 1623 1724 1651 se
1755 1613 2067 1665 competenter

384 1678 538 1720 eidem
557 1678 861 1720 conuenienti.
881 1678 952 1719 Sic
972 1678 1110 1733 igitur
1129 1691 1212 1719 nec
1232 1677 1355 1733 ligua
1375 1690 1458 1718 nec
1478 1677 1659 1718 animus
1678 1677 1799 1718 votis
1819 1676 1986 1732 poterit
2005 1675 2066 1717 ad

384 1744 500 1786 bene
526 1745 807 1786 conueniens
833 1758 1087 1800 congruere
1113 1743 1539 1792 matrimonialibus,
1564 1757 1672 1784 cum
1698 1756 1748 1784 se
1773 1756 1957 1798 semper
1984 1741 2066 1797 (eis

384 1812 470 1855 etsi
498 1812 631 1853 reniti
659 1811 927 1867 niterentur)
959 1811 1331 1867 oppositissimos
1361 1811 1642 1866 omninoque
1672 1809 1948 1851 dissidentes
1977 1809 2067 1850 sint

385 1878 607 1921 exibituri.
631 1879 807 1920 Reuera
830 1879 907 1920 vix
930 1878 1266 1920 contrariorum
1289 1877 1365 1919 uel
1387 1876 1721 1919 inexorabiliter
1743 1876 2067 1933 oppositorum

385 1947 481 1988 suis
511 1947 748 1988 contrariis
779 1945 855 1987 uel
884 1959 1074 2002 prorsus
1106 1945 1332 2001 oppositis
1361 1944 1685 1986 conueniencie
1714 1943 1968 1986 stabilitatis
1997 1948 2067 1984 est

385 2013 558 2070 aliquid
579 2014 786 2055 inveniri.

449 2080 548 2134 [47.]
571 2080 754 2122 Talibus
788 2080 926 2136 igitur
959 2085 1146 2136 tamque
1179 2079 1443 2128 temerariis,
1475 2078 1626 2127 frater,
1658 2078 1706 2120 in
1737 2077 1914 2120 friuolis
1947 2076 2067 2119 adeo

384 2147 568 2189 feruens
584 2147 796 2203 adeoque
810 2147 1018 2203 pertinax
1032 2147 1080 2188 in
1094 2146 1354 2202 impericiis,
1368 2145 1670 2201 supersedere
1684 2158 1848 2201 pergas
1863 2158 1890 2186 a
1904 2144 2067 2186 scurri-

385 2214 601 2263 litatibus,
614 2227 880 2270 vsuumque
895 2213 1117 2270 loquendi
1131 2212 1382 2255 viuendive
1397 2211 1908 2254 consuetudinariorum
1924 2210 2067 2252 desis-

385 2286 479 2323 tere
496 2295 592 2323 non
608 2280 888 2337 segnificeris
907 2294 934 2322 a
952 2279 1347 2336 derogacionibus.
1366 2279 1418 2321 Et
1436 2280 1476 2321 si
1493 2279 1736 2335 pungitiuo
1754 2277 1998 2326 mouearis,
2015 2282 2067 2319 ut

385 2363 538 2391 mores
553 2348 723 2391 habent
737 2348 916 2391 diutina
930 2362 1016 2405 pro
1030 2346 1379 2396 consuetudine,
1393 2351 1592 2403 punctus
1608 2345 1668 2388 ad
1683 2345 1978 2388 scribendum
1991 2344 2067 2386 uel

385 2416 559 2473 aliquid
594 2416 844 2465 incitatiuo,
877 2429 935 2457 ne
969 2415 1182 2472 laguente
1216 2419 1297 2456 tuo
1331 2427 1497 2456 manus
1531 2413 1635 2470 plus
1670 2414 1791 2455 iusto
1825 2417 1989 2469 pauset
2021 2417 2066 2453 et

386 2484 567 2526 animus
590 2484 757 2540 agresti
777 2483 970 2532 calamo,
990 2482 1176 2539 nugulis
1198 2481 1256 2524 ab
1277 2482 1432 2524 animo
1454 2494 1687 2537 manuque
1708 2480 1889 2536 longius
1911 2492 2066 2521 aman-

386 2551 520 2600 datis,
551 2551 725 2607 aliquid
757 2550 834 2592 uel
865 2550 925 2592 ad
958 2549 1279 2592 delectacionis
1310 2549 1699 2596 conuenienciam,
1730 2547 1960 2589 ludicrum
1991 2545 2066 2588 uel

459 2749 470 2772 ¹
487 2754 769 2789 consuetudinis
786 2755 808 2789 S

458 2804 472 2827 ²
488 2822 550 2845 -ue
565 2811 614 2845 ed.

457 2861 472 2883 ³
488 2878 549 2902 me
565 2869 588 2902 S

457 2918 472 2940 ⁴
489 2924 511 2957 S
527 2923 579 2957 ad.
597 2933 685 2957 suos
701 2922 806 2969 before
821 2922 1053 2966 it[in]eran·1as

458 2974 472 2996 ⁵
488 2979 649 3013 iterarias
666 2980 689 3013 S

458 3029 472 3051 ⁶
488 3035 660 3070 sodalicis
677 3036 700 3069 S

458 3085 473 3107 ⁷
487 3092 678 3137 animique
693 3091 742 3126 ed.
