2132 3346
262 908 296 934 35

262 1577 297 1602 45

264 2247 299 2272 55

356 156 445 198 120
582 164 770 197 SERIUM
791 163 1096 197 SENECTUTIS

420 289 491 343 [2.]
513 290 719 346 Sapiens,
750 293 803 331 ut
835 302 1051 344 auguror,
1083 287 1290 344 profecto
1323 287 1473 337 frater,
1505 293 1549 329 te
1582 292 1660 329 tue
1692 288 1957 329 temeritatis
1989 288 2039 329 in

357 356 614 398 detectione
628 361 724 397 tam
738 356 1019 411 pertinacem
1033 368 1143 396 sane
1156 368 1295 396 nemo
1308 359 1512 395 censeret
1525 368 1626 395 esse
1640 359 1888 395 sensatum.
1903 354 2038 395 Certe

357 423 396 464 si
423 436 534 464 sane
560 421 847 464 cerebratum
875 435 1061 477 saperes
1089 421 1354 463 meminisse
1382 420 1636 469 debuisses,
1663 420 1903 476 presertim
1929 420 2038 476 quia

356 494 477 531 retro
492 502 722 530 memores
737 488 992 545 oportuerit
1006 487 1090 529 sed
1104 492 1149 529 et
1163 492 1373 543 oporteat
1386 501 1508 528 nunc
1521 501 1623 528 esse
1636 486 1896 535 mendaces,
1909 486 2038 543 quod

357 556 582 598 oracionis
599 556 716 597 inter
731 555 865 597 inicia
881 559 960 596 tue
975 559 1070 596 tam
1087 553 1274 603 diffusa,
1288 567 1371 595 nec
1387 554 1541 595 minus
1557 553 1773 595 invtiliter
1787 552 2038 595 subsanna-

356 622 595 679 biliterque
623 614 847 671 confusa,1
876 621 1029 663 verbis
1058 621 1224 677 supine
1251 621 1489 662 iactaueris
1517 619 1864 662 contumacibus
1891 625 1937 661 et
1964 633 2039 661 ex-

357 691 527 746 pressis
552 689 672 731 adeo
696 688 864 731 rudem
887 688 969 730 tibi
992 702 1088 730 non
1110 687 1208 729 fore
1232 687 1397 729 fibram
1421 687 1496 729 uel
1520 687 1639 728 adeo
1663 686 1859 728 fluidam
1881 700 2039 728 corne-

357 771 494 799 amue
517 757 805 805 memoriam,
827 756 940 812 quin
961 754 1230 797 facillimum
1253 754 1334 796 tibi
1355 754 1472 796 foret
1494 768 1656 796 eorum
1678 754 1943 796 meminisse
1963 752 2040 795 uel

357 824 587 866 reminisci
607 837 698 880 que
719 822 1031 879 predidiceris.
1053 821 1391 878 Subsequenter
1411 826 1456 863 et
1477 821 1751 863 subiunxisti
1772 825 1816 863 te
1837 819 2040 877 predidi-

356 892 473 933 cisse
491 891 848 947 memoriterque
867 890 1069 932 tenuisse
1087 888 1216 946 quod
1236 888 1401 931 arbiter
1419 889 1743 930 vniuersorum
1760 888 1886 930 Deus
1905 888 2040 930 inter-

358 958 586 1000 minabilis
629 957 874 1000 infinibiles
917 956 1106 999 infinitis
1149 955 1501 1013 perhennauerit
1542 955 1810 1012 penalitates
1852 959 2041 1012 propter

358 1025 612 1075 mendacia,
643 1038 740 1067 non
770 1025 924 1066 minus
955 1029 1000 1066 et
1030 1024 1237 1065 enormia
1268 1028 1457 1079 propter
1487 1022 1664 1072 delicta;
1694 1022 2039 1064 commenticios

357 1093 503 1134 eciam
521 1093 697 1133 censeri
714 1091 1034 1133 commenticie
1052 1104 1148 1132 non
1164 1090 1387 1132 erubuisti
1405 1089 1556 1131 dicere
1575 1089 1688 1131 deos
1707 1089 1768 1130 ad
1786 1088 2041 1130 consimilia

358 1150 564 1215 pronos,²
583 1158 712 1214 quod
733 1157 925 1214 quidem
944 1171 1040 1198 non
1058 1156 1259 1198 multum
1279 1162 1434 1197 tamen
1451 1157 1653 1197 veritatis
1674 1155 1886 1196 abhorret
1905 1168 1932 1196 a
1950 1155 2038 1196 via.

357 1225 447 1267 Sed
463 1230 508 1266 et
524 1225 751 1266 oracionis
767 1225 816 1266 in
830 1223 924 1265 fine
939 1223 1143 1272 tandem,
1158 1223 1291 1279 quasi
1305 1222 1611 1264 conclusionis
1629 1221 1689 1263 ad
1705 1222 1860 1270 instar,
1874 1220 2040 1262 eadem

358 1297 563 1348 repetere
582 1305 678 1333 non
696 1290 920 1332 erubuisti
939 1290 1015 1332 uel
1035 1290 1226 1331 omnino
1245 1303 1363 1345 pene
1382 1288 1648 1330 consimilia.

422 1358 476 1413 [3.
479 1358 493 1413 ]
515 1359 885 1415 Uerumptamen
895 1371 989 1414 quo
1001 1362 1079 1398 tue
1091 1362 1186 1398 tam
1197 1356 1485 1398 temerariam
1497 1356 1606 1397 satis
1617 1354 1869 1397 exfronter'
1857 1354 2040 1411 imperi-

357 1426 425 1468 cie
449 1439 720 1483 properares
745 1424 806 1467 ad
831 1424 1158 1473 deteccionem,
1181 1423 1304 1480 ligue
1327 1422 1432 1479 plus
1456 1423 1577 1464 iusto
1601 1421 1808 1479 liguosus
1831 1426 1876 1463 et
1899 1421 2040 1463 animi

357 1492 524 1549 copule
543 1506 640 1534 non
658 1506 707 1534 es
727 1491 1068 1533 verecundatus
1089 1490 1328 1532 detrahere
1348 1489 1683 1531 matrimoniali.
1703 1488 1793 1530 Sed
1813 1494 1858 1530 et
1877 1501 2041 1530 eorum

359 1559 419 1601 de
456 1560 779 1601 coniunctione
816 1558 1018 1614 nupciali
1055 1570 1318 1599 sermonem
1355 1556 1503 1598 facere
1541 1556 1788 1597 ridiculum
1825 1554 2041 1603 iudicare,

359 1625 563 1668 ridiculis
577 1631 622 1667 et
635 1625 851 1667 addicere
863 1624 1016 1666 verbis
1030 1638 1126 1666 non
1137 1623 1342 1665 hesitasti
1356 1622 1696 1664 scurrilitatisve
1708 1622 1912 1671 vanitati,
1924 1620 2041 1663 forte

359 1707 483 1735 scur-
519 1692 610 1750 {28r
624 1694 631 1749 Ι
667 1692 806 1734 riliter
828 1693 1015 1748 ignarus
1038 1691 1113 1733 vel
1135 1690 1393 1732 voluntarie
1416 1691 1596 1732 nescius
1619 1689 1747 1746 quod
1772 1693 2041 1745 perpetuata

358 1761 680 1802 coniunctione
695 1759 900 1801 duorum
915 1764 1010 1801 tam
1026 1757 1280 1800 terribiliter
1295 1757 1571 1814 punibilium
1585 1757 1678 1798 vite
1692 1757 1861 1798 vitetur
1875 1754 2040 1797 feditas

359 1833 403 1870 et
435 1827 720 1869 inmundicia
752 1826 1116 1875 mendaciorum,
1148 1825 1275 1882 quod
1308 1826 1453 1867 eciam
1485 1825 1524 1866 si
1555 1824 1670 1866 bene
1701 1824 1891 1865 memini
1922 1827 2042 1864 retro

359 1894 647 1936 manifestius
688 1899 757 1935 est
798 1907 1160 1949 sermonumque
1199 1893 1318 1933 serio
1359 1897 1557 1933 scemate
1597 1891 2042 1947 conceptissimoque

360 1961 655 2003 declaratum.
670 1960 969 2002 Derisibiliter
981 1960 1119 2016 igitur
1132 1973 1186 2001 ea
1199 1958 1398 2000 mendax
1412 1972 1513 2000 esse
1527 1957 1752 2013 detegeris
1766 1958 1814 1999 in
1826 1956 2042 1998 assercio-

359 2042 431 2077 ne,
464 2042 556 2085 qua
588 2027 914 2084 cachynnabile
948 2040 1138 2083 prorsus
1171 2031 1216 2068 et
1249 2025 1406 2067 invtile
1439 2025 1728 2066 consorcium
1761 2023 1855 2065 fere
1886 2023 2042 2064 conari

359 2095 531 2137 videris
552 2096 742 2137 innuere
762 2094 1078 2151 predictorum
1098 2094 1230 2150 quasi
1250 2091 1642 2135 matrimonialiter
1660 2089 1996 2133 contubernale.

424 2162 495 2217 [4.]
518 2163 616 2205 Nec
652 2153 800 2204 aliter³
834 2161 1026 2204 ridicule
1061 2175 1157 2203 non
1190 2161 1344 2202 minus
1380 2159 1648 2201 assercionis
1684 2162 2042 2215 presumptuosa

360 2222 586 2272 fatuitate4
617 2235 695 2271 tue
725 2229 902 2285 detegis
932 2233 977 2270 et
1006 2242 1182 2270 errores
1212 2232 1257 2269 et
1287 2226 1620 2268 derisibilitates
1651 2225 1896 2282 impericie,
1926 2223 2043 2265 dum

361 2296 867 2339 subsannabilissimam
879 2296 1073 2337 racionis
1085 2300 1130 2336 et
1142 2309 1168 2336 a
1180 2294 1435 2336 sinceritate
1447 2293 1803 2335 semotissimam
1815 2291 1937 2348 ligue
1948 2304 2044 2332 non

361 2364 597 2406 erubueris
642 2369 687 2405 et
732 2364 875 2405 animi
919 2363 1179 2404 iuncturam
1223 2360 1666 2403 matrimonialemve
1710 2358 2042 2401 coniunctionis

361 2445 563 2473 asserere
592 2431 983 2479 conuenienciam,
1012 2429 1220 2485 dumque
1249 2428 1313 2470 nil
1342 2427 1743 2470 inconueniencius
1773 2425 1870 2467 sola
1899 2424 2042 2467 solius

361 2500 506 2540 eciam
529 2499 735 2540 sonantis
758 2498 807 2539 in
828 2497 1215 2554 pronunciacione
1237 2496 1462 2537 sermonis
1484 2494 1582 2536 fore
1604 2508 1700 2536 non
1719 2492 2042 2535 formidaueris

361 2565 593 2608 affirmare
609 2579 751 2622 quam
768 2564 998 2606 desideria
1015 2563 1189 2620 liguam
1206 2563 1396 2604 transire
1411 2561 1487 2603 uel
1504 2562 1711 2603 animum
1726 2559 1843 2602 velle
1859 2572 2044 2601 consor·

361 2624 540 2689 ciaque⁵
566 2631 979 2688 concupiscibiliter
1005 2630 1066 2672 ad
1092 2629 1447 2678 contubernalia,
1474 2627 1782 2684 stolidamque
1808 2626 1888 2668 tibi
1915 2631 2042 2668 tuam

436 2878 447 2899 ¹
464 2883 617 2918 confuse
634 2884 657 2918 S

435 2934 448 2956 ²
465 2949 602 2985 pronos
618 2938 667 2973 ed.

435 2990 449 3012 ³
465 2995 614 3029 alterius
630 2996 653 3028 S

435 3045 449 3066 ⁴
466 3056 751 3097 presumptuose
766 3049 943 3084 fatuitatis
960 3050 982 3083 S

435 3100 449 3122 ⁵
465 3117 553 3153 -que
568 3107 617 3140 ed.
