2132 3346
269 441 320 466 120

267 776 318 801 125

266 1109 317 1134 130

265 1445 316 1469 135

265 1781 316 1805 140

264 2115 315 2139 145

263 2454 314 2479 150

382 156 473 198 204
609 165 797 200 SERIUM
818 166 1123 201 SENECTUTIS

383 289 616 347 deinceps,
635 304 739 333 sero
758 292 877 334 vicia
895 305 1214 349 numquamue
1233 294 1485 335 vitarentur
1504 294 1795 337 infinitatum.

446 356 517 411 [7.]
539 357 630 400 Sed
656 363 702 400 et
728 357 816 401 alia
842 359 1064 415 probatur
1089 359 1216 402 idem
1241 361 1422 402 racione
1448 375 1544 403 non
1569 362 1722 403 minus
1749 362 2062 419 approbanda.

381 424 726 482 Quodcumque
751 425 944 483 quidem
969 440 1124 469 rerum
1149 428 1355 469 consistit
1380 428 1429 470 in
1452 429 1748 471 vniuersitate
1773 429 2064 472 mutabilium

381 491 457 534 uel
477 497 546 534 est
566 497 718 535 totum
738 493 814 535 uel
834 507 956 550 pars,
975 495 1169 551 quasiue
1189 500 1339 537 totum
1359 495 1435 537 uel
1454 497 1586 552 quasi
1606 510 1727 553 pars,
1747 498 2064 554 proprietasue

382 560 529 602 tocius
545 559 622 602 uel
637 561 792 617 partis.
809 561 956 612 Quasi
972 566 1123 603 totum
1139 562 1330 618 quidem
1345 576 1440 604 non
1455 564 1553 604 sine
1567 577 1706 605 causa
1723 563 1831 613 dixi,
1846 565 1954 621 quia
1969 578 2065 607 non

381 640 520 668 omne
551 632 703 669 totum
733 629 943 677 racionis,
975 628 1179 678 modiue,
1210 629 1286 671 uel
1317 631 1495 685 generis
1526 635 1595 671 est
1626 630 1848 673 eiusdem.
1880 632 2064 688 Nempe

380 693 602 750 quodque
619 693 696 736 uel
713 699 782 736 est
800 694 1019 751 integrale
1036 695 1112 737 uel
1129 695 1400 738 vniuersale.
1418 697 1585 738 Totum
1602 697 1808 753 profecto
1825 697 2064 754 quodlibet

380 765 450 801 est
469 773 639 816 corpus
660 760 893 817 integrale,
913 761 1119 818 partibus
1140 762 1309 804 scilicet
1328 763 1425 804 suis
1445 768 1660 805 constans
1680 777 1734 805 ex
1755 764 2062 821 integralibus.

380 827 487 868 Pars
504 826 712 883 profecto
729 828 877 869 tocius
893 828 1125 884 integralis
1141 828 1384 870 cuiuslibet
1399 843 1506 885 pars
1523 835 1592 871 est
1607 831 1825 887 corporis.
1843 831 2064 887 Integrale

379 893 572 949 quidem
599 895 732 950 quasi
760 899 911 936 totum
939 895 1128 951 quilibet
1156 901 1225 937 est
1253 897 1453 952 spiritus.
1483 897 1589 938 Pars
1616 910 1729 939 vero
1755 899 1888 954 quasi
1916 899 2063 940 tocius

378 959 622 1002 cuiuslibet
636 974 743 1016 pars
758 966 828 1002 est
842 961 1045 1017 spiritus5
1060 967 1213 1017 partes
1228 976 1388 1004 reuera
1402 963 1534 1018 quasi
1550 964 1696 1005 tocius
1711 963 1941 1019 integralis
1956 969 2064 1006 sunt

379 1027 479 1082 ipse
505 1027 714 1076 virtutes,
741 1041 837 1069 non
863 1033 1020 1069 autem
1047 1021 1366 1084 quantitatiue¹
1396 1029 1479 1070 sed
1508 1029 1799 1085 potenciales,
1825 1035 1876 1072 vt
1902 1030 2063 1072 intelli-

380 1093 520 1149 gendi
551 1095 777 1149 potencia,
808 1095 1174 1144 memorandiue,
1204 1100 1443 1151 cetereque
1473 1096 1746 1138 consimiles.
1779 1097 1876 1138 Hec
1907 1098 2062 1138 omnia

379 1159 587 1216 profecto
603 1174 791 1202 necesse
808 1160 1034 1203 subtiliter
1050 1162 1307 1218 inspicienti
1325 1162 1497 1218 patebit
1514 1177 1614 1204 esse
1631 1162 1730 1205 fore
1748 1163 1987 1205 dumtaxat
2005 1163 2063 1205 ab

378 1241 485 1268 vno.
505 1228 673 1269 Totum
691 1242 852 1270 reuera
871 1229 1066 1270 racionis
1086 1243 1112 1270 a
1131 1243 1181 1270 se
1199 1229 1271 1270 ius
1291 1243 1391 1270 esse
1410 1243 1505 1271 non
1523 1221 1712 1286 patitur²
1730 1230 1890 1272 ullum.
1909 1230 1988 1272 Nil
2005 1245 2062 1272 eo

378 1308 548 1350 nempe
567 1294 695 1350 quod
716 1299 786 1336 est
806 1309 833 1336 a
853 1309 902 1336 se
922 1296 1051 1351 prius
1071 1300 1140 1337 est
1161 1300 1380 1352 tempore.

443 1360 514 1415 [8.]
537 1361 689 1403 Preter
710 1361 794 1403 hec
817 1367 862 1403 et
885 1361 946 1404 ad
970 1361 1066 1404 hec:
1090 1376 1117 1404 a
1139 1362 1267 1404 nullo
1291 1368 1388 1404 toto
1411 1377 1601 1405 suarum
1624 1363 1832 1420 procedit
1854 1365 2062 1420 parcium

378 1429 674 1485 composicio.
703 1429 811 1470 Pars
839 1430 1010 1471 etenim
1037 1430 1201 1486 queuis
1230 1444 1317 1471 suo
1346 1430 1579 1486 genialiter
1607 1432 1731 1487 prior
1758 1437 1827 1473 est
1855 1436 1964 1473 toto.
1992 1432 2062 1473 Sic

378 1496 532 1552 itaque
557 1510 653 1538 non
677 1501 831 1553 potest
855 1496 1029 1554 aliquid
1069 1496 1186 1554 155Ἴ
1224 1502 1374 1540 totum
1399 1498 1524 1540 Deus
1549 1512 1664 1548 esse!
1688 1499 1795 1555 quia
1820 1499 1972 1541 Deum
1997 1499 2060 1541 sic

378 1568 611 1620 oporteret
624 1564 673 1606 in
685 1564 930 1606 existencia
945 1564 1071 1606 aliud
1087 1564 1346 1621 precedere;
1360 1571 1565 1621 preterea
1580 1580 1686 1622 pars
1700 1565 1825 1608 nulla
1839 1566 1965 1608 Deus
1979 1571 2060 1608 est.

378 1630 631 1681 Quodlibet
657 1622 827 1673 totum³
854 1632 978 1673 enim
1005 1637 1134 1688 parte
1161 1646 1245 1674 sua
1271 1632 1473 1689 qualibet
1499 1632 1684 1689 dignius
1710 1638 1792 1682 est;
1818 1634 1882 1675 sic
1909 1634 2062 1690 itaque

378 1712 485 1754 pars
513 1697 639 1740 nulla
667 1698 793 1740 Deus
821 1713 923 1740 esse
951 1704 1116 1755 potest.
1145 1699 1214 1741 De
1242 1699 1597 1756 proprietatibus
1625 1699 1816 1756 quidem
1843 1701 1989 1742 tocius
2017 1706 2062 1742 et

378 1765 534 1821 partis,
549 1764 678 1821 quod
695 1779 721 1807 a
737 1779 787 1807 se
802 1779 898 1807 non
912 1766 1003 1807 sint
1017 1780 1071 1807 ea
1087 1765 1308 1822 probatur
1323 1767 1512 1808 omnino
1528 1767 1709 1808 racione
1724 1767 1831 1823 quia
1847 1767 2060 1823 superius

378 1831 626 1887 probatum
646 1837 826 1874 constat
847 1833 896 1874 in
916 1832 1228 1874 accidentibus
1249 1847 1362 1875 esse.
1384 1834 1454 1875 Sic
1476 1834 1613 1889 igitur
1633 1848 1741 1875 cum
1763 1833 1822 1875 de
1843 1833 2060 1890 predictis

378 1899 569 1939 omnino
586 1898 782 1947 nullum!
799 1899 916 1940 sicut
935 1891 1156 1940 dilucide⁴¹
1174 1900 1266 1941 iam
1284 1900 1393 1941 satis
1412 1905 1747 1955 preostensum,
1763 1914 1898 1941 suam
1914 1901 2060 1956 possit

378 1965 529 2006 sortiri
552 1965 864 2007 substanciam
889 1966 1097 2022 (prorsus
1121 1980 1222 2007 esse
1245 1966 1431 2008 videtur
1453 1971 1497 2007 et
1520 1971 1588 2008 est
1612 1966 1927 2023 impossibile),
1949 1967 2062 2023 quin

378 2031 504 2073 aliud
522 2046 548 2073 a
564 2046 659 2088 quo
675 2032 882 2088 predicta
898 2033 989 2074 sint
1005 2034 1161 2074 omnia
1177 2034 1425 2089 persistens
1442 2034 1500 2074 sit
1515 2034 1563 2075 in
1577 2034 1824 2075 eternitate.
1840 2034 2060 2075 Summus

377 2097 492 2140 illud
513 2103 558 2140 et
577 2098 705 2141 solus
725 2104 794 2141 est
814 2099 953 2141 Deus.

441 2164 512 2220 [9.]
535 2165 612 2208 Ad
639 2165 737 2216 hec,
761 2180 870 2209 cum
896 2180 946 2208 se
972 2181 1084 2209 sana
1110 2181 1240 2209 mens
1267 2181 1362 2209 non
1387 2167 1533 2224 possit
1558 2167 1781 2224 ignorare,
1806 2181 1856 2209 se
1881 2166 1956 2209 uel
1981 2166 2060 2209 ali-

377 2233 567 2290 quando
587 2234 766 2291 cepisse
785 2248 882 2276 non
901 2239 1054 2291 potest
1074 2234 1217 2277 homo
1237 2249 1333 2277 non
1352 2249 1610 2292 agnoscere.
1632 2235 1730 2277 Nec
1751 2236 1904 2277 minus
1925 2240 1970 2277 et
1990 2240 2060 2277 est

376 2301 452 2344 uel
472 2315 573 2344 esse
595 2301 732 2345 debet
752 2302 839 2345 sibi
859 2303 1101 2345 sanissime
1120 2303 1331 2345 conscius
1352 2302 1494 2359 quod,
1514 2317 1621 2345 cum
1641 2317 1736 2346 non
1755 2308 1875 2346 esset
1894 2317 1977 2360 per
1996 2317 2059 2352 se,

376 2369 463 2412 sibi
478 2369 724 2412 subvenire
738 2384 834 2412 non
848 2375 1028 2427 poterat
1042 2371 1090 2413 in
1104 2371 1360 2413 existencia.
1375 2371 1445 2413 Sic
1461 2371 1597 2427 igitur
1612 2370 1670 2413 ab
1685 2370 1774 2413 alio
1788 2371 1975 2413 sortitus
1990 2375 2059 2413 est

376 2442 428 2480 ut
454 2443 587 2480 esset.
616 2437 733 2480 Illud
762 2443 919 2480 autem
946 2452 1042 2480 non
1067 2439 1245 2495 cepisse
1271 2444 1463 2487 constat!
1489 2439 1596 2495 quia
1624 2439 1662 2481 si
1690 2439 1857 2495 quouis
1885 2438 1943 2480 ab
1969 2438 2059 2480 alio

376 2504 552 2555 fuisset!
584 2506 796 2547 omnium
829 2506 1008 2562 primus
1041 2510 1167 2547 actor
1199 2506 1497 2547 existencium
1530 2520 1625 2548 non
1656 2511 1787 2548 esset.
1820 2505 1910 2547 Sed
1943 2511 1988 2547 et
2020 2506 2059 2547 si

375 2573 572 2628 cepisset
589 2572 648 2614 ab
665 2572 755 2614 alio
773 2572 901 2629 quod
921 2572 1008 2614 sibi
1025 2587 1109 2614 sue
1128 2572 1239 2614 dare
1256 2574 1534 2629 principium
1552 2587 1647 2614 non
1663 2573 1888 2629 potuisset
1906 2586 2058 2614 essen-

375 2639 457 2688 cie,
476 2639 516 2680 si
535 2652 631 2680 non
649 2638 708 2680 ab
727 2644 884 2680 eterno
904 2638 1080 2688 fuisset,
1100 2639 1160 2681 ad
1181 2639 1308 2681 aliud
1329 2639 1575 2681 ascendere
1595 2640 1807 2695 superius
1827 2644 2058 2695 oporteret

376 2719 402 2746 a
423 2719 517 2761 quo
538 2719 673 2747 suam
694 2705 780 2747 sibi
801 2705 1152 2747 subsistenciam
1173 2707 1438 2762 susciperet!
1458 2706 1585 2762 quod
1608 2711 1652 2747 et
1673 2711 1724 2747 ut
1745 2705 1802 2747 ab
1822 2711 1979 2747 eterno
2000 2706 2058 2747 sit

449 2937 460 2958 ¹
477 2941 673 2987 quantitati
690 2952 737 2976 ue
754 2943 777 2976 S

448 2992 462 3014 ²
478 2998 633 3044 partitur
648 2999 671 3032 S

447 3047 462 3070 ³
478 3060 597 3089 totum
613 3054 662 3089 ed.

447 3104 461 3126 ⁴
477 3110 645 3145 dilucido
661 3112 684 3145 S
