2132 3346
242 833 293 857 305

241 1166 292 1190 310

239 1501 290 1526 315

239 1835 290 1860 320

237 2171 288 2197 325

235 2509 287 2533 330

358 148 416 189 72
553 156 740 190 SERIUM
762 157 1067 191 SENECTUTIS

357 281 485 338 quod
511 281 884 339 delinquentibus
907 284 1159 340 impunitas
1182 285 1437 341 perniciosa
1461 285 1614 328 delicti
1637 301 1796 343 parere
1818 288 2040 344 pernicio-

358 363 464 390 sum
477 363 588 405 sepe
600 351 844 392 consueuit
857 351 1142 393 incentiuum
1155 351 1518 409 redelinquendi,
1531 353 1751 410 quodque
1765 356 2040 411 prosperita-

358 416 414 456 tis
447 421 642 457 euentus
678 416 980 473 (delinquenti
1011 418 1450 460 consuetudinaliter
1480 433 1636 461 comes
1669 420 2040 478 familiariterque

356 482 646 538 coambulus)
669 484 896 539 impunite
917 484 1262 540 delinquentem
1281 485 1571 542 frequencius
1592 486 1652 528 ad
1674 487 2040 544 delinquendum

357 548 678 606 dampnosius,
700 550 1050 606 peccandumve
1072 552 1302 607 pernicius
1325 552 1560 595 ambulare
1581 559 1850 596 consuescat
1872 559 1917 596 et
1938 568 2040 612 per-

356 629 662 658 seuerancius.

420 682 519 737 [2Ο.]
541 684 612 725 Sic
638 685 792 741 itaque
816 684 1023 727 ciuilium
1048 686 1374 728 conuenienter
1398 686 1458 728 ad
1485 687 1626 729 instar
1650 687 2040 739 iurisdiccionum,

355 750 545 806 Moyses
568 750 822 793 luculencia
844 752 977 808 quasi
999 766 1185 794 morum
1208 752 1473 795 melioratus
1497 753 1850 804 ordinariorum,
1871 755 1967 798 suis
1990 769 2040 798 se

355 816 442 858 sibi
472 817 687 859 subiectis
721 817 856 873 (sicut
886 832 1075 860 omnem
1104 819 1297 861 ciuiliter
1327 820 1587 862 institutum
1618 820 1864 863 bellissime
1894 821 2039 871 decet,

355 883 630 940 pridemque
651 883 823 940 decuit)
846 884 1076 926 ordinarie
1096 877 1346 927 vindicem¹
1368 885 1548 928 facilem
1568 887 1757 943 prebere
1777 889 2039 930 mansueuit

355 949 415 991 ad
427 949 715 1000 adeundum,
725 952 1107 1008 contumaciaque
1118 953 1345 994 remocius
1358 953 1604 995 amandata
1614 953 2040 997 commendabiliter

354 1016 614 1058 humanum
643 1031 693 1059 se
721 1017 906 1060 cuilibet
933 1018 1114 1060 exibere
1142 1018 1321 1061 studuit
1350 1019 1410 1061 ad
1440 1019 1785 1076 alloquendum,
1813 1034 1924 1063 sane
1951 1021 2038 1064 sibi

353 1083 566 1124 cauendo
597 1089 754 1125 tamen
783 1098 842 1125 ne
872 1084 1190 1126 familiaritatis
1221 1085 1484 1127 vlteriorem
1514 1086 1809 1129 subditorum
1839 1087 1926 1129 sibi
1956 1101 2039 1144 per

354 1149 688 1191 admissionem
699 1150 1075 1207 cachynnabilem
1088 1151 1285 1201 caderet,
1298 1158 1350 1193 ut
1362 1152 1429 1202 fit,
1442 1154 1634 1209 turpiter
1646 1154 1694 1195 in
1705 1159 2036 1211 contemptum.

353 1216 490 1259 fforte
503 1231 599 1259 non
612 1218 799 1273 ignarus
814 1218 942 1274 quod
958 1220 1248 1261 conuersatio
1262 1233 1347 1275 par
1359 1225 1404 1261 et
1419 1219 1795 1270 indifferentialis,
1809 1220 2038 1264 cohabita-

353 1285 517 1340 cioque
557 1285 998 1327 consuetudinaliter
1039 1285 1308 1328 indifferens
1350 1292 1394 1328 et
1436 1287 1624 1344 equalis,
1665 1289 2036 1345 contempciones

354 1365 514 1407 parere
543 1357 760 1408 prompta
789 1353 848 1394 sit
876 1366 1061 1409 semper
1089 1358 1133 1395 et
1163 1359 1334 1410 parata,
1365 1353 1716 1410 deprecaciones
1746 1354 2037 1412 dignitatum,

354 1418 555 1460 diuitum
578 1419 907 1476 derogaciones
929 1425 974 1462 et
996 1419 1341 1462 honoratorum.
1363 1421 1679 1464 Sensatissime
1701 1436 1870 1478 gnarus
1891 1422 2037 1464 eciam

352 1485 469 1527 forte
486 1486 614 1541 quod
631 1486 1060 1529 commendabiliter
1074 1488 1460 1544 circumspectum
1475 1488 1757 1545 ciuiliterque
1773 1503 1868 1531 non
1882 1490 2036 1531 minus

353 1553 614 1594 institutum
662 1554 876 1610 quemuis
924 1555 1358 1596 conuenientissime
1405 1555 1578 1604 deceat,
1626 1555 2037 1613 decentissimeque

353 1618 573 1661 decorum
585 1619 913 1662 iurisdiccionis
927 1622 1231 1671 exercitorem,
1244 1621 1370 1678 quod
1385 1623 1700 1678 precipitanter
1711 1622 2034 1665 excandescere

352 1700 447 1727 non
469 1692 740 1728 consuescat
763 1688 811 1729 in
833 1701 913 1728 eos
937 1702 1070 1743 quos,
1094 1688 1307 1730 mendaci
1330 1690 1684 1745 presumpcione
1707 1689 1805 1731 sola
1827 1689 2036 1732 fallaciae

351 1753 612 1794 coniectura
635 1759 805 1802 motus,
828 1754 948 1795 male
970 1768 1069 1795 mo·
1083 1755 1090 1810 Ι
1104 1754 1195 1810 11Ἰ
1230 1755 1450 1810 rigeratos
1472 1769 1573 1796 esse
1595 1756 1854 1812 suspicetur
1875 1769 2036 1812 perpe-

352 1833 512 1861 ramue
526 1833 785 1875 peruersos,
798 1820 1020 1877 quodque
1033 1813 1427 1863 calamitosorum²
1440 1822 1651 1878 precibus
1665 1822 1923 1865 illacrimari
1934 1836 2035 1879 pre-

352 1900 548 1942 propere
568 1887 876 1943 proclinatum
896 1902 946 1929 se
965 1902 1061 1930 non
1079 1888 1268 1930 exibeat.

415 1953 514 2007 [21.]
538 1953 589 1995 Id
617 1955 742 1996 enirn
769 1955 879 1996 recti
905 1947 1267 2012 constantisque³
1294 1955 1458 1997 iudicis
1485 1970 1580 1998 non
1606 1962 1675 1998 est
1701 1962 1746 1998 et
1772 1957 1880 1998 iusti
1905 1956 2034 2013 quod

351 2021 449 2062 eius
469 2022 611 2062 animi
629 2021 840 2078 proditor
857 2027 1107 2078 custosque
1124 2022 1262 2064 wltus
1282 2022 1501 2064 affectum
1519 2022 1700 2065 defacili
1718 2024 2035 2080 precipitante-

351 2101 433 2129 rue
451 2087 649 2144 detegat,
667 2102 776 2130 cum
795 2088 960 2131 iudicis
979 2090 1037 2131 sit
1055 2103 1166 2131 sane
1183 2089 1425 2131 cuiuslibet
1443 2091 1684 2132 sencientis
1702 2095 1754 2132 ut
1771 2091 1835 2132 sic
1854 2095 2035 2132 sensate

351 2156 662 2213 sumatimque
676 2157 748 2198 ius
762 2156 957 2199 reddere
971 2162 1144 2214 pergat,
1157 2162 1208 2199 ut
1221 2157 1447 2200 industria
1460 2171 1544 2200 sua
1557 2157 1782 2200 iudicialis
1795 2158 2035 2200 auctorita-

351 2228 444 2265 tem
463 2223 698 2280 dignitatis
717 2238 886 2281 augere
905 2230 1210 2274 mansuescat,
1227 2230 1279 2267 ut
1296 2230 1341 2267 et
1359 2225 1561 2267 iudiciali
1579 2239 1666 2268 suo
1684 2226 1748 2268 sic
1767 2239 1877 2268 sane
1895 2239 2034 2283 nego-

349 2291 458 2333 ciari
475 2291 661 2333 studeat
679 2292 727 2334 in
744 2291 914 2342 officio,
932 2292 1214 2349 legisticique
1233 2294 1425 2335 tramitis
1443 2294 1507 2335 sic
1526 2293 1755 2350 proficisci
1772 2298 2034 2350 perseueret

350 2359 398 2400 in
416 2358 675 2409 directorio,
695 2373 814 2401 neue
833 2360 1070 2402 remissius
1090 2361 1356 2402 seueriusve
1376 2360 1627 2403 iudicando
1645 2360 2034 2403 sentenciandoue

349 2427 626 2468 constituere
653 2432 891 2483 presumat
917 2427 1044 2469 aliud
1072 2441 1214 2483 quam
1239 2427 1367 2484 quod
1395 2427 1484 2469 litis
1512 2429 1731 2470 instancia
1757 2427 1833 2470 uel
1858 2428 2032 2470 instans

348 2506 487 2534 causa
525 2492 759 2549 deposcat.
797 2494 981 2550 Nempe
1017 2493 1197 2536 sedenti
1233 2487 1640 2551 sentenciantique⁴
1677 2495 1844 2551 quouis
1880 2499 1949 2536 est
1985 2495 2034 2536 in

349 2559 501 2601 iudice
528 2561 688 2616 pernix
715 2565 760 2602 et
787 2560 1073 2602 obliteranda
1100 2560 1528 2618 subsannabilisque
1555 2562 1808 2603 seueritatis
1836 2561 2032 2603 ambicio

349 2640 532 2682 semper
566 2627 906 2683 nimietatisque
939 2619 1217 2677 clemencie,⁵
1251 2629 1491 2684 presertim
1525 2642 1632 2670 cum
1667 2628 1727 2670 de
1761 2629 1859 2670 iure
1892 2627 2030 2670 iudex

421 2869 432 2891 ¹
450 2876 644 2910 vindicum
662 2877 685 2910 S

420 2925 434 2947 ²
449 2931 721 2965 calamosorum
738 2932 761 2965 S

419 2981 434 3003 ³
449 2987 707 3033 constantique
723 2988 746 3022 S

419 3037 433 3059 ⁴
449 3044 780 3090 sentenciandique
796 3045 819 3078 S

419 3093 433 3115 ⁵
448 3100 648 3135 clemencie
665 3101 700 3141 S,
715 3101 909 3135 demencie
925 3101 962 3135 Sc
