2158 3366
287 1220 322 1244 10

287 1555 321 1579 15

287 1957 320 1982 20

286 2293 319 2318 25

285 2628 319 2653 30

384 136 443 178 56
580 145 767 179 SERIUM
789 145 1094 179 SENECTUTIS

386 269 506 311 dolis
526 284 553 311 a
572 270 713 311 corde
733 271 962 312 remocius
982 270 1234 312 amandari.

942 472 1147 511 LLIBER
1174 463 1510 512 SECUNDUS

383 601 517 643 Solus
537 602 658 643 iners
678 603 900 659 viciisque
919 602 1081 644 volens
1100 603 1172 644 vir
1190 602 1435 645 vilificatus

444 669 665 711 Distrahit
684 668 745 711 ad
765 670 916 711 varias
937 683 989 711 os
1010 670 1310 726 animumque
1329 671 1466 720 vices;

383 736 468 777 Vix
488 750 542 777 ea
561 737 633 778 vir
650 735 776 778 volet
795 736 1028 778 invalidus
1049 737 1223 779 sociare
1242 736 1489 794 loquendo:

443 803 577 845 Solus
597 804 722 845 enim
741 803 896 845 valide
915 803 1102 860 copulat
1122 803 1197 846 illa
1217 803 1422 861 loquens.

383 870 501 912 Vera
520 869 713 927 quidem
731 871 885 927 quiuis
906 885 960 912 ex
980 870 1121 913 corde
1141 870 1376 928 loquendo
1395 871 1573 914 locutor

443 937 577 979 Solus
598 938 646 979 in
664 937 817 980 effuso
836 937 1008 980 famine
1027 937 1142 980 falsa
1161 937 1291 995 fugit.

383 1005 494 1046 Non
512 1004 731 1061 equidem
750 1005 822 1046 vir
840 1018 950 1046 vera
970 1005 1164 1061 loquens
1183 1006 1397 1047 vitauerit
1416 1007 1567 1047 omnis

443 1070 659 1112 ffalsidici
678 1071 852 1113 vicium
870 1085 1072 1127 veraque
1092 1071 1236 1113 fando
1256 1071 1431 1113 dolum:

382 1137 500 1178 Vera
520 1137 714 1193 loquens
734 1138 905 1179 etenim
925 1137 1069 1186 labiis,
1089 1138 1336 1194 animoque
1356 1138 1521 1187 dolosi,

443 1203 750 1260 ffalsidicique
770 1204 924 1246 modis
945 1204 1138 1260 derogat
1158 1218 1237 1246 ore
1255 1205 1355 1254 viri;
1389 1204 1477 1261 Ι4Ἴ

382 1271 480 1312 Nec
501 1284 586 1312 sua
606 1285 655 1312 se
675 1285 758 1327 per
776 1270 891 1313 falsa
911 1270 1018 1313 facit
1037 1272 1108 1313 vir
1127 1270 1299 1313 famina
1319 1285 1502 1328 semper

443 1337 735 1387 Mendacem,
755 1338 863 1394 quia
883 1352 1014 1379 mens
1034 1343 1103 1380 est
1123 1338 1210 1380 sibi
1229 1352 1339 1395 sepe
1358 1338 1534 1388 fauens,

382 1404 584 1446 Arbitrio
605 1406 713 1462 quia
732 1404 847 1447 falsa
867 1405 1060 1462 loquens
1081 1410 1126 1447 et
1146 1406 1311 1447 mentis
1331 1411 1376 1447 et
1396 1407 1488 1447 oris

442 1471 576 1513 Solus
597 1473 681 1514 erit
700 1472 901 1514 mendax
921 1472 1093 1514 famine
1112 1472 1259 1514 factus
1280 1473 1413 1514 iners.

383 1538 523 1594 uigua
543 1538 736 1595 loquens
757 1539 895 1595 igitur
915 1553 999 1595 par
1018 1544 1087 1580 est
1107 1540 1381 1595 animusque
1401 1539 1640 1595 loquentis:

442 1606 539 1647 Sint
559 1606 730 1647 sociata
750 1605 836 1647 sibi
855 1607 1224 1662 conueniantque
1244 1606 1394 1648 simul.

1536 1330 1550 1357 1

447 1739 517 1793 [1.]
540 1739 630 1781 Sed
648 1739 708 1782 ad
726 1739 832 1782 talia
849 1740 988 1782 michi
1004 1755 1136 1782 meus
1154 1741 1218 1782 sic
1234 1741 1355 1797 cepit
1371 1740 1490 1782 adeo
1506 1740 1740 1783 familiaris
1757 1740 2063 1783 aduersarius:

382 1807 641 1863 Numquid,
656 1807 803 1857 Helia,
817 1807 877 1849 de
892 1813 936 1849 te
950 1813 1045 1849 tam
1060 1808 1202 1850 delire
1217 1813 1403 1864 tamque
1417 1808 1797 1850 subsannabiliter
1809 1808 1958 1850 videri
1970 1821 2066 1850 non

381 1874 701 1916 verecundaris
716 1874 845 1924 velle,
860 1880 1044 1931 tamque
1058 1876 1382 1917 contumaciter
1395 1889 1669 1931 presumere,
1683 1875 1809 1932 quod
1824 1880 2064 1917 consuetu-

383 1940 547 1982 dinum
584 1955 694 1983 sane
729 1941 1185 1991 commendabilium,
1221 1941 1525 1984 moraliumve
1560 1941 1986 1984 commendabiliter
2019 1947 2064 1984 et

382 2007 612 2050 ordinarie
631 2008 1000 2050 maritandorum
1020 2014 1063 2051 te
1083 2008 1236 2051 solum
1256 2010 1421 2065 supine
1440 2010 1587 2051 scium
1605 2023 1791 2051 censeas
1811 2014 1856 2051 et
1875 2014 2065 2051 antono-

381 2076 551 2117 masice
579 2089 789 2132 gnarum,
815 2090 909 2132 quo
935 2077 1279 2118 commenticias
1306 2082 1598 2132 recenterque
1624 2090 1719 2118 non
1744 2077 1897 2118 minus
1923 2089 2064 2132 quam

381 2142 750 2185 cachinnabiliter
769 2144 1047 2199 excogitatas
1067 2144 1275 2185 animum
1294 2157 1535 2200 presumas
1555 2143 1784 2200 applicare
1803 2142 1879 2185 uel
1896 2143 2065 2199 cogita-

382 2215 456 2251 tus
482 2210 810 2266 legittirnarum
835 2210 1071 2267 nupciales
1098 2210 1158 2252 ad
1183 2211 1665 2266 concupiscenciarum
1690 2210 2064 2266 soHempnitates,

381 2291 576 2318 verasue
603 2277 744 2319 verba
774 2277 867 2333 (uel
894 2278 943 2319 in
969 2277 1213 2333 superficie
1241 2277 1355 2333 sola)
1385 2277 1743 2319 matrimoniales
1771 2277 1831 2319 ad
1859 2276 2064 2333 copulas,

381 2357 686 2400 personarum
709 2358 937 2400 congruas
961 2344 1187 2400 quaslibet
1209 2345 1319 2386 citra
1343 2345 1730 2400 comparaciones,
1754 2344 2064 2400 ordinumque

381 2416 695 2467 competentes
715 2416 760 2452 et
780 2410 1035 2452 ordinarias
1056 2410 1423 2453 maritandorum
1442 2412 1552 2452 citra
1571 2410 1992 2452 consideraciones?

445 2476 516 2530 [2.]
540 2478 728 2526 Reuera,
744 2477 895 2526 frater,
911 2483 955 2519 et
971 2478 1010 2519 si
1026 2491 1158 2519 secus
1175 2478 1398 2534 suspicari
1413 2479 1578 2534 supine
1593 2477 1807 2526 videaris,
1823 2483 1918 2519 tam
1934 2476 2063 2518 rudis

381 2543 520 2586 michi
535 2543 651 2586 fibra
667 2558 763 2586 non
777 2550 846 2586 est
862 2544 937 2586 vel
953 2544 1072 2587 adeo
1088 2558 1267 2594 cornea,
1282 2544 1488 2586 fluidave
1504 2544 1578 2586 vel
1593 2544 1810 2586 vacillans
1827 2544 2062 2592 memoria;

381 2612 494 2668 quin
528 2625 692 2654 eorum
727 2626 818 2669 que
854 2611 1081 2669 predidici
1117 2612 1382 2654 meminisse
1417 2611 1555 2654 michi
1591 2611 1858 2654 facillimum
1894 2612 1952 2654 sit
1987 2610 2063 2653 uel

381 2680 623 2729 reminisci,
643 2679 771 2736 quod
792 2679 961 2722 scilicet
980 2679 1213 2722 infinibilis
1233 2685 1277 2722 et
1297 2679 1558 2722 arbitrarius
1578 2680 1886 2722 vniuersitatis
1905 2684 2064 2721 auctor

381 2747 506 2789 Deus
522 2753 567 2789 et
582 2748 866 2790 examinator
882 2747 1120 2790 absolutus
1137 2747 1339 2790 infinitos
1356 2747 1633 2789 infinibiliter
1649 2747 1786 2789 desti·
1815 2746 1898 2804 15¹}
1925 2760 2063 2789 naue-

381 2816 437 2856 rit
452 2815 511 2857 ad
527 2820 754 2857 tormenta
768 2815 891 2871 ligue
904 2815 1345 2872 mendaciorumque
1358 2829 1443 2871 pro
1457 2815 1745 2864 fedamentis,
1758 2816 1942 2871 orisque
1955 2814 2062 2856 feda

382 2881 501 2923 male
527 2883 794 2924 mencientis
821 2882 882 2924 ob
907 2882 1144 2931 fermenta,
1172 2883 1677 2938 transgressionumque
1703 2896 1798 2923 non
1823 2882 1975 2923 minus
2002 2880 2063 2923 ob

455 3080 465 3101 ¹
484 3086 627 3129 fauens]
646 3087 669 3120 S
685 3086 736 3120 ad.
755 3086 814 3120 uel
831 3097 956 3120 comes
973 3086 1006 3120 in
1026 3097 1127 3132 marg.
