<?xml version="1.0" encoding="UTF-8"?>
<!DOCTYPE html PUBLIC "-//W3C//DTD XHTML 1.0 Transitional//EN"
    "http://www.w3.org/TR/xhtml1/DTD/xhtml1-transitional.dtd">
<html xmlns="http://www.w3.org/1999/xhtml" xml:lang="en" lang="en">
 <head>
  <title>
</title>
<meta http-equiv="Content-Type" content="text/html;charset=utf-8" />
  <meta name='ocr-system' content='tesseract 3.04.00' />
  <meta name='ocr-capabilities' content='ocr_page ocr_carea ocr_par ocr_line ocrx_word'/>
</head>
<body>
  <div class='ocr_page' id='page_1' title='image "./seriumsenectutis00eliauoft_0255.png"; bbox 0 0 2132 3346; ppageno 0'>
   <div class='ocr_carea' id='block_1_1' title="bbox 1178 161 1923 202">
    <p class='ocr_par' dir='ltr' id='par_1_1' title="bbox 1178 161 1923 202">
     <span class='ocr_line' id='line_1_1' title="bbox 1178 161 1923 202; baseline 0.001 -1"><span class='ocrx_word' id='word_1_1' title='bbox 1178 168 1340 201; x_wconf 73' lang='lat' dir='ltr'><strong><em>Booxs</em></strong></span> <span class='ocrx_word' id='word_1_2' title='bbox 1362 168 1468 201; x_wconf 76' lang='lat' dir='ltr'>121VE</span> <span class='ocrx_word' id='word_1_3' title='bbox 1490 169 1601 202; x_wconf 82' lang='lat' dir='ltr'><strong><em>AND</em></strong></span> <span class='ocrx_word' id='word_1_4' title='bbox 1622 169 1696 202; x_wconf 80' lang='lat' dir='ltr'><strong><em>SD(</em></strong></span> <span class='ocrx_word' id='word_1_5' title='bbox 1834 161 1923 202; x_wconf 85' lang='lat'><strong><em>239</em></strong></span> 
     </span>
    </p>
   </div>
   <div class='ocr_carea' id='block_1_2' title="bbox 111 288 1927 451">
    <p class='ocr_par' dir='ltr' id='par_1_2' title="bbox 111 288 1927 451">
     <span class='ocr_line' id='line_1_2' title="bbox 113 288 1927 340; baseline -0.002 -11"><span class='ocrx_word' id='word_1_6' title='bbox 113 290 309 329; x_wconf 81' lang='lat' dir='ltr'><em>Rhetorica</em></span> <span class='ocrx_word' id='word_1_7' title='bbox 325 289 375 327; x_wconf 85' lang='lat' dir='ltr'><strong><em>ad</em></strong></span> <span class='ocrx_word' id='word_1_8' title='bbox 391 290 627 328; x_wconf 84' lang='lat' dir='ltr'><strong><em>Herennium</em></strong></span> <span class='ocrx_word' id='word_1_9' title='bbox 643 289 767 327; x_wconf 85' lang='lat'><strong><em>4.8.11</em></strong></span> <span class='ocrx_word' id='word_1_10' title='bbox 789 288 870 339; x_wconf 90' lang='lat' dir='ltr'><strong><em>(ed.</em></strong></span> <span class='ocrx_word' id='word_1_11' title='bbox 889 288 1062 340; x_wconf 91' lang='lat' dir='ltr'><strong><em>Caplan,</em></strong></span> <span class='ocrx_word' id='word_1_12' title='bbox 1080 289 1247 339; x_wconf 86' lang='lat'><strong>252-55)</strong></span> <span class='ocrx_word' id='word_1_13' title='bbox 1267 288 1351 326; x_wconf 92' lang='lat' dir='ltr'><strong><em>and</em></strong></span> <span class='ocrx_word' id='word_1_14' title='bbox 1369 288 1571 326; x_wconf 88' lang='lat' dir='ltr'><strong><em>Servius&#39;s</em></strong></span> <span class='ocrx_word' id='word_1_15' title='bbox 1588 301 1779 326; x_wconf 84' lang='lat' dir='ltr'><strong>accessus</strong></span> <span class='ocrx_word' id='word_1_16' title='bbox 1798 295 1840 326; x_wconf 93' lang='lat' dir='ltr'><strong><em>to</em></strong></span> <span class='ocrx_word' id='word_1_17' title='bbox 1859 289 1927 326; x_wconf 91' lang='lat' dir='ltr'><strong><em>the</em></strong></span> 
     </span>
     <span class='ocr_line' id='line_1_3' title="bbox 111 343 1925 396; baseline -0.001 -12"><span class='ocrx_word' id='word_1_18' title='bbox 111 345 258 384; x_wconf 85' lang='lat' dir='ltr'><strong><em>Aeneid</em></strong></span> <span class='ocrx_word' id='word_1_19' title='bbox 273 344 479 396; x_wconf 89' lang='lat' dir='ltr'><strong><em>(Harvard</em></strong></span> <span class='ocrx_word' id='word_1_20' title='bbox 496 344 672 388; x_wconf 88' lang='lat' dir='ltr'><strong><em>Edition,</em></strong></span> <span class='ocrx_word' id='word_1_21' title='bbox 687 344 918 395; x_wconf 85' lang='lat'><strong><em>2.4.81-83),</em></strong></span> <span class='ocrx_word' id='word_1_22' title='bbox 933 343 1041 382; x_wconf 88' lang='lat' dir='ltr'><strong><em>cited</em></strong></span> <span class='ocrx_word' id='word_1_23' title='bbox 1056 343 1112 395; x_wconf 95' lang='lat' dir='ltr'><strong><em>by</em></strong></span> <span class='ocrx_word' id='word_1_24' title='bbox 1128 344 1298 388; x_wconf 90' lang='lat' dir='ltr'><strong><em>Minnis,</em></strong></span> <span class='ocrx_word' id='word_1_25' title='bbox 1314 344 1458 395; x_wconf 88' lang='lat' dir='ltr'><strong><em>Theory</em></strong></span> <span class='ocrx_word' id='word_1_26' title='bbox 1471 343 1770 395; x_wconf 84' lang='lat' dir='ltr'><strong><em>ofAuthorship,</em></strong></span> <span class='ocrx_word' id='word_1_27' title='bbox 1786 345 1848 388; x_wconf 90' lang='lat'><strong><em>15,</em></strong></span> <span class='ocrx_word' id='word_1_28' title='bbox 1862 345 1925 382; x_wconf 84' lang='lat'><strong><em>49.</em></strong></span> 
     </span>
     <span class='ocr_line' id='line_1_4' title="bbox 112 399 1764 451; baseline -0.001 -11"><span class='ocrx_word' id='word_1_29' title='bbox 112 401 198 440; x_wconf 87' lang='lat' dir='ltr'><strong><em>The</em></strong></span> <span class='ocrx_word' id='word_1_30' title='bbox 214 400 413 440; x_wconf 83' lang='lat' dir='ltr'>standard</span> <span class='ocrx_word' id='word_1_31' title='bbox 430 400 548 439; x_wconf 87' lang='lat' dir='ltr'>work</span> <span class='ocrx_word' id='word_1_32' title='bbox 565 402 600 439; x_wconf 88' lang='lat' dir='ltr'><strong><em>is</em></strong></span> <span class='ocrx_word' id='word_1_33' title='bbox 617 401 656 439; x_wconf 90' lang='lat' dir='ltr'><strong><em>F.</em></strong></span> <span class='ocrx_word' id='word_1_34' title='bbox 673 399 956 446; x_wconf 89' lang='lat' dir='ltr'><strong><em>Quadlbauer,</em></strong></span> <span class='ocrx_word' id='word_1_35' title='bbox 973 400 1045 438; x_wconf 92' lang='lat' dir='ltr'><strong><em>Die</em></strong></span> <span class='ocrx_word' id='word_1_36' title='bbox 1060 399 1186 438; x_wconf 88' lang='lat' dir='ltr'><strong><em>antike</em></strong></span> <span class='ocrx_word' id='word_1_37' title='bbox 1204 400 1355 438; x_wconf 68' lang='lat' dir='ltr'><strong><em>&#39;Ilieorie</em></strong></span> <span class='ocrx_word' id='word_1_38' title='bbox 1371 399 1438 438; x_wconf 88' lang='lat' dir='ltr'><strong><em>der</em></strong></span> <span class='ocrx_word' id='word_1_39' title='bbox 1451 411 1589 451; x_wconf 86' lang='lat' dir='ltr'><strong><em>genera</em></strong></span> <span class='ocrx_word' id='word_1_40' title='bbox 1606 400 1764 438; x_wconf 87' lang='lat' dir='ltr'><strong><em>dicendi.</em></strong></span> 
     </span>
    </p>
   </div>
   <div class='ocr_carea' id='block_1_3' title="bbox 108 456 1927 3035">
    <p class='ocr_par' dir='ltr' id='par_1_3' title="bbox 111 456 1927 733">
     <span class='ocr_line' id='line_1_5' title="bbox 173 456 1926 509; baseline -0.001 -13"><span class='ocrx_word' id='word_1_41' title='bbox 173 459 300 496; x_wconf 80' lang='lat'><strong>27-38</strong></span> <span class='ocrx_word' id='word_1_42' title='bbox 319 458 396 496; x_wconf 92' lang='lat' dir='ltr'><strong><em>For</em></strong></span> <span class='ocrx_word' id='word_1_43' title='bbox 413 456 645 509; x_wconf 88' lang='lat' dir='ltr'><strong><em>legislation</em></strong></span> <span class='ocrx_word' id='word_1_44' title='bbox 663 469 721 495; x_wconf 91' lang='lat' dir='ltr'><strong><em>on</em></strong></span> <span class='ocrx_word' id='word_1_45' title='bbox 740 456 888 508; x_wconf 89' lang='lat' dir='ltr'><strong><em>dowry</em></strong></span> <span class='ocrx_word' id='word_1_46' title='bbox 908 456 1007 507; x_wconf 85' lang='lat' dir='ltr'><strong><em>(dos)</em></strong></span> <span class='ocrx_word' id='word_1_47' title='bbox 1027 456 1111 495; x_wconf 90' lang='lat' dir='ltr'><strong><em>and</em></strong></span> <span class='ocrx_word' id='word_1_48' title='bbox 1132 456 1277 495; x_wconf 90' lang='lat' dir='ltr'><strong><em>dower</em></strong></span> <span class='ocrx_word' id='word_1_49' title='bbox 1296 456 1463 507; x_wconf 86' lang='lat' dir='ltr'><strong><em>(donatio</em></strong></span> <span class='ocrx_word' id='word_1_50' title='bbox 1481 459 1636 507; x_wconf 86' lang='lat' dir='ltr'><strong><em>propter</em></strong></span> <span class='ocrx_word' id='word_1_51' title='bbox 1653 456 1838 507; x_wconf 91' lang='lat' dir='ltr'><strong><em>nuptias),</em></strong></span> <span class='ocrx_word' id='word_1_52' title='bbox 1857 469 1926 494; x_wconf 87' lang='lat' dir='ltr'><strong><em>see</em></strong></span> 
     </span>
     <span class='ocr_line' id='line_1_6' title="bbox 111 512 1925 566; baseline -0.001 -14"><span class='ocrx_word' id='word_1_53' title='bbox 111 515 300 566; x_wconf 89' lang='lat' dir='ltr'><strong><em>Gregory</em></strong></span> <span class='ocrx_word' id='word_1_54' title='bbox 311 514 373 558; x_wconf 85' lang='lat' dir='ltr'><strong><em>IX,</em></strong></span> <span class='ocrx_word' id='word_1_55' title='bbox 385 513 597 551; x_wconf 88' lang='lat' dir='ltr'><strong><em>Decretales</em></strong></span> <span class='ocrx_word' id='word_1_56' title='bbox 607 514 696 551; x_wconf 72' lang='lat'><strong><em>420</em></strong></span> <span class='ocrx_word' id='word_1_57' title='bbox 709 512 790 564; x_wconf 88' lang='lat' dir='ltr'><strong><em>(ed.</em></strong></span> <span class='ocrx_word' id='word_1_58' title='bbox 802 512 1032 564; x_wconf 84' lang='lat' dir='ltr'><strong><em>Friedberg,</em></strong></span> <span class='ocrx_word' id='word_1_59' title='bbox 1043 513 1262 563; x_wconf 76' lang='lat'>2725-30),</span> <span class='ocrx_word' id='word_1_60' title='bbox 1274 513 1336 550; x_wconf 89' lang='lat' dir='ltr'><strong><em>De</em></strong></span> <span class='ocrx_word' id='word_1_61' title='bbox 1347 512 1652 550; x_wconf 89' lang='lat' dir='ltr'><strong><em>Donationibus</em></strong></span> <span class='ocrx_word' id='word_1_62' title='bbox 1664 515 1769 550; x_wconf 89' lang='lat' dir='ltr'><strong><em>inter</em></strong></span> <span class='ocrx_word' id='word_1_63' title='bbox 1779 513 1925 550; x_wconf 90' lang='lat' dir='ltr'><strong><em>Virum</em></strong></span> 
     </span>
     <span class='ocr_line' id='line_1_7' title="bbox 112 568 1927 621; baseline -0.002 -12"><span class='ocrx_word' id='word_1_64' title='bbox 112 575 153 609; x_wconf 92' lang='lat' dir='ltr'><strong><em>et</em></strong></span> <span class='ocrx_word' id='word_1_65' title='bbox 175 570 368 614; x_wconf 81' lang='lat' dir='ltr'>Uxorem,</span> <span class='ocrx_word' id='word_1_66' title='bbox 392 575 433 608; x_wconf 91' lang='lat' dir='ltr'><strong><em>et</em></strong></span> <span class='ocrx_word' id='word_1_67' title='bbox 456 569 510 608; x_wconf 90' lang='lat' dir='ltr'><strong><em>de</em></strong></span> <span class='ocrx_word' id='word_1_68' title='bbox 533 570 640 608; x_wconf 92' lang='lat' dir='ltr'><strong><em>Dote</em></strong></span> <span class='ocrx_word' id='word_1_69' title='bbox 665 574 761 621; x_wconf 93' lang='lat' dir='ltr'><strong><em>post</em></strong></span> <span class='ocrx_word' id='word_1_70' title='bbox 783 569 1019 607; x_wconf 90' lang='lat' dir='ltr'><strong><em>Divortium</em></strong></span> <span class='ocrx_word' id='word_1_71' title='bbox 1043 568 1320 607; x_wconf 89' lang='lat' dir='ltr'><strong><em>Restituenda.</em></strong></span> <span class='ocrx_word' id='word_1_72' title='bbox 1345 569 1492 607; x_wconf 91' lang='lat' dir='ltr'><strong><em>Notice</em></strong></span> <span class='ocrx_word' id='word_1_73' title='bbox 1516 568 1603 607; x_wconf 90' lang='lat' dir='ltr'><strong><em>that</em></strong></span> <span class='ocrx_word' id='word_1_74' title='bbox 1627 568 1696 606; x_wconf 91' lang='lat' dir='ltr'><strong><em>the</em></strong></span> <span class='ocrx_word' id='word_1_75' title='bbox 1719 568 1856 607; x_wconf 86' lang='lat' dir='ltr'><strong><em>letters</em></strong></span> <span class='ocrx_word' id='word_1_76' title='bbox 1881 568 1927 606; x_wconf 83' lang='lat' dir='ltr'><strong><em>of</em></strong></span> 
     </span>
     <span class='ocr_line' id='line_1_8' title="bbox 112 624 1925 665; baseline -0.002 0"><span class='ocrx_word' id='word_1_77' title='bbox 112 627 310 665; x_wconf 91' lang='lat' dir='ltr'><strong><em>Innocent</em></strong></span> <span class='ocrx_word' id='word_1_78' title='bbox 331 626 381 664; x_wconf 93' lang='lat'><strong><em>111</em></strong></span> <span class='ocrx_word' id='word_1_79' title='bbox 403 628 446 664; x_wconf 95' lang='lat' dir='ltr'><strong><em>in</em></strong></span> <span class='ocrx_word' id='word_1_80' title='bbox 466 625 659 664; x_wconf 91' lang='lat' dir='ltr'><strong><em>columns</em></strong></span> <span class='ocrx_word' id='word_1_81' title='bbox 680 626 832 663; x_wconf 89' lang='lat'><strong>726-30</strong></span> <span class='ocrx_word' id='word_1_82' title='bbox 852 630 954 663; x_wconf 88' lang='lat' dir='ltr'><strong><em>treat</em></strong></span> <span class='ocrx_word' id='word_1_83' title='bbox 975 625 1044 663; x_wconf 89' lang='lat' dir='ltr'><strong><em>the</em></strong></span> <span class='ocrx_word' id='word_1_84' title='bbox 1064 625 1131 663; x_wconf 86' lang='lat' dir='ltr'><strong><em>dos</em></strong></span> <span class='ocrx_word' id='word_1_85' title='bbox 1153 627 1195 663; x_wconf 92' lang='lat' dir='ltr'><strong><em>in</em></strong></span> <span class='ocrx_word' id='word_1_86' title='bbox 1218 627 1268 663; x_wconf 88' lang='lat' dir='ltr'><strong><em>its</em></strong></span> <span class='ocrx_word' id='word_1_87' title='bbox 1289 625 1433 663; x_wconf 89' lang='lat' dir='ltr'><strong><em>earlier</em></strong></span> <span class='ocrx_word' id='word_1_88' title='bbox 1452 625 1672 663; x_wconf 86' lang='lat' dir='ltr'>Germanic</span> <span class='ocrx_word' id='word_1_89' title='bbox 1694 637 1814 662; x_wconf 91' lang='lat' dir='ltr'><strong><em>sense</em></strong></span> <span class='ocrx_word' id='word_1_90' title='bbox 1835 624 1882 662; x_wconf 91' lang='lat' dir='ltr'><strong><em>of</em></strong></span> <span class='ocrx_word' id='word_1_91' title='bbox 1901 637 1925 662; x_wconf 93' lang='lat' dir='ltr'><strong><em>a</em></strong></span> 
     </span>
     <span class='ocr_line' id='line_1_9' title="bbox 112 680 931 733; baseline -0.002 -13"><span class='ocrx_word' id='word_1_92' title='bbox 112 684 315 733; x_wconf 84' lang='lat' dir='ltr'><strong>marriage</strong></span> <span class='ocrx_word' id='word_1_93' title='bbox 331 681 408 733; x_wconf 91' lang='lat' dir='ltr'><strong><em>gift</em></strong></span> <span class='ocrx_word' id='word_1_94' title='bbox 424 681 533 719; x_wconf 93' lang='lat' dir='ltr'><strong><em>from</em></strong></span> <span class='ocrx_word' id='word_1_95' title='bbox 550 681 745 719; x_wconf 88' lang='lat' dir='ltr'>husband</span> <span class='ocrx_word' id='word_1_96' title='bbox 763 686 806 719; x_wconf 88' lang='lat' dir='ltr'><strong><em>to</em></strong></span> <span class='ocrx_word' id='word_1_97' title='bbox 823 680 931 719; x_wconf 89' lang='lat' dir='ltr'><strong><em>wife.</em></strong></span> 
     </span>
    </p>

    <p class='ocr_par' dir='ltr' id='par_1_4' title="bbox 109 736 1927 1852">
     <span class='ocr_line' id='line_1_10' title="bbox 171 736 1924 788; baseline -0.001 -12"><span class='ocrx_word' id='word_1_98' title='bbox 171 740 300 776; x_wconf 61' lang='lat'><strong><em>³944</em></strong></span> <span class='ocrx_word' id='word_1_99' title='bbox 323 738 439 776; x_wconf 90' lang='lat' dir='ltr'><strong><em>Peter</em></strong></span> <span class='ocrx_word' id='word_1_100' title='bbox 462 737 680 781; x_wconf 79' lang='lat' dir='ltr'><strong><em>Lombard,</em></strong></span> <span class='ocrx_word' id='word_1_101' title='bbox 705 738 920 775; x_wconf 85' lang='lat' dir='ltr'><strong><em>Sententiae</em></strong></span> <span class='ocrx_word' id='word_1_102' title='bbox 941 738 1105 775; x_wconf 85' lang='lat'><strong><em>4.28.1.4</em></strong></span> <span class='ocrx_word' id='word_1_103' title='bbox 1131 737 1211 787; x_wconf 88' lang='lat' dir='ltr'><strong><em>(ed.</em></strong></span> <span class='ocrx_word' id='word_1_104' title='bbox 1238 737 1383 788; x_wconf 90' lang='lat' dir='ltr'><strong><em>Brady,</em></strong></span> <span class='ocrx_word' id='word_1_105' title='bbox 1407 737 1663 786; x_wconf 83' lang='lat'><strong><em>2.433.3-14):</em></strong></span> <span class='ocrx_word' id='word_1_106' title='bbox 1688 736 1776 774; x_wconf 90' lang='lat' dir='ltr'><strong><em>“Illi</em></strong></span> <span class='ocrx_word' id='word_1_107' title='bbox 1800 739 1924 774; x_wconf 91' lang='lat' dir='ltr'><strong><em>etiam</em></strong></span> 
     </span>
     <span class='ocr_line' id='line_1_11' title="bbox 111 792 1926 844; baseline -0.001 -12"><span class='ocrx_word' id='word_1_108' title='bbox 111 795 349 837; x_wconf 85' lang='lat' dir='ltr'><strong><em>sententiae,</em></strong></span> <span class='ocrx_word' id='word_1_109' title='bbox 362 805 446 844; x_wconf 91' lang='lat' dir='ltr'><strong><em>qua</em></strong></span> <span class='ocrx_word' id='word_1_110' title='bbox 461 792 619 831; x_wconf 89' lang='lat' dir='ltr'><strong><em>dictum</em></strong></span> <span class='ocrx_word' id='word_1_111' title='bbox 634 798 696 831; x_wconf 89' lang='lat' dir='ltr'><strong><em>est</em></strong></span> <span class='ocrx_word' id='word_1_112' title='bbox 709 792 847 831; x_wconf 89' lang='lat' dir='ltr'><strong><em>solum</em></strong></span> <span class='ocrx_word' id='word_1_113' title='bbox 861 805 1112 830; x_wconf 88' lang='lat' dir='ltr'><strong><em>consensum</em></strong></span> <span class='ocrx_word' id='word_1_114' title='bbox 1127 792 1261 830; x_wconf 89' lang='lat' dir='ltr'><strong><em>facere</em></strong></span> <span class='ocrx_word' id='word_1_115' title='bbox 1274 794 1530 843; x_wconf 89' lang='lat' dir='ltr'><strong><em>coniugium,</em></strong></span> <span class='ocrx_word' id='word_1_116' title='bbox 1545 792 1711 830; x_wconf 91' lang='lat' dir='ltr'><strong><em>videtur</em></strong></span> <span class='ocrx_word' id='word_1_117' title='bbox 1723 794 1926 830; x_wconf 89' lang='lat' dir='ltr'><strong><em>contraire</em></strong></span> 
     </span>
     <span class='ocr_line' id='line_1_12' title="bbox 111 847 1925 901; baseline -0.001 -13"><span class='ocrx_word' id='word_1_118' title='bbox 111 848 228 901; x_wconf 89' lang='lat' dir='ltr'><strong><em>quod</em></strong></span> <span class='ocrx_word' id='word_1_119' title='bbox 253 849 461 887; x_wconf 87' lang='lat' dir='ltr'><strong><em>Evaristus</em></strong></span> <span class='ocrx_word' id='word_1_120' title='bbox 485 849 596 900; x_wconf 91' lang='lat' dir='ltr'><strong><em>Papa</em></strong></span> <span class='ocrx_word' id='word_1_121' title='bbox 619 850 685 886; x_wconf 91' lang='lat' dir='ltr'><strong><em>ait:</em></strong></span> <span class='ocrx_word' id='word_1_122' title='bbox 709 848 852 886; x_wconf 84' lang='lat' dir='ltr'><strong><em>‘Aliter</em></strong></span> <span class='ocrx_word' id='word_1_123' title='bbox 873 848 1104 899; x_wconf 91' lang='lat' dir='ltr'><strong><em>legitimum</em></strong></span> <span class='ocrx_word' id='word_1_124' title='bbox 1128 861 1214 886; x_wconf 92' lang='lat' dir='ltr'><strong><em>non</em></strong></span> <span class='ocrx_word' id='word_1_125' title='bbox 1237 848 1284 886; x_wconf 87' lang='lat' dir='ltr'><strong><em>fit</em></strong></span> <span class='ocrx_word' id='word_1_126' title='bbox 1306 850 1562 899; x_wconf 91' lang='lat' dir='ltr'><strong><em>coniugium,</em></strong></span> <span class='ocrx_word' id='word_1_127' title='bbox 1585 850 1665 886; x_wconf 88' lang='lat' dir='ltr'><strong><em>nisi</em></strong></span> <span class='ocrx_word' id='word_1_128' title='bbox 1688 847 1742 886; x_wconf 89' lang='lat' dir='ltr'><strong><em>ab</em></strong></span> <span class='ocrx_word' id='word_1_129' title='bbox 1764 848 1830 886; x_wconf 92' lang='lat' dir='ltr'><strong><em>his</em></strong></span> <span class='ocrx_word' id='word_1_130' title='bbox 1853 850 1925 899; x_wconf 92' lang='lat' dir='ltr'><strong><em>qui</em></strong></span> 
     </span>
     <span class='ocr_line' id='line_1_13' title="bbox 111 904 1927 956; baseline -0.001 -13"><span class='ocrx_word' id='word_1_131' title='bbox 111 917 240 956; x_wconf 88' lang='lat' dir='ltr'><strong><em>super</em></strong></span> <span class='ocrx_word' id='word_1_132' title='bbox 265 904 464 943; x_wconf 86' lang='lat' dir='ltr'><strong><em>feminam</em></strong></span> <span class='ocrx_word' id='word_1_133' title='bbox 492 904 821 942; x_wconf 83' lang='lat' dir='ltr'><strong><em>dominationem</em></strong></span> <span class='ocrx_word' id='word_1_134' title='bbox 849 904 1000 942; x_wconf 89' lang='lat' dir='ltr'><strong><em>habere</em></strong></span> <span class='ocrx_word' id='word_1_135' title='bbox 1027 904 1222 942; x_wconf 88' lang='lat' dir='ltr'><strong><em>videntur</em></strong></span> <span class='ocrx_word' id='word_1_136' title='bbox 1249 910 1288 942; x_wconf 90' lang='lat' dir='ltr'><strong><em>et</em></strong></span> <span class='ocrx_word' id='word_1_137' title='bbox 1315 917 1339 942; x_wconf 90' lang='lat' dir='ltr'><strong><em>a</em></strong></span> <span class='ocrx_word' id='word_1_138' title='bbox 1367 904 1521 955; x_wconf 92' lang='lat' dir='ltr'><strong><em>quibus</em></strong></span> <span class='ocrx_word' id='word_1_139' title='bbox 1549 904 1793 947; x_wconf 77' lang='lat' dir='ltr'><strong><em>custoditur,</em></strong></span> <span class='ocrx_word' id='word_1_140' title='bbox 1821 917 1927 941; x_wconf 87' lang='lat' dir='ltr'><strong><em>uxor</em></strong></span> 
     </span>
     <span class='ocr_line' id='line_1_14' title="bbox 111 959 1927 1012; baseline -0.001 -13"><span class='ocrx_word' id='word_1_141' title='bbox 111 966 286 1012; x_wconf 88' lang='lat' dir='ltr'><strong><em>petatur,</em></strong></span> <span class='ocrx_word' id='word_1_142' title='bbox 304 966 345 999; x_wconf 91' lang='lat' dir='ltr'><strong><em>et</em></strong></span> <span class='ocrx_word' id='word_1_143' title='bbox 363 973 387 999; x_wconf 91' lang='lat' dir='ltr'><strong><em>a</em></strong></span> <span class='ocrx_word' id='word_1_144' title='bbox 407 960 647 1012; x_wconf 88' lang='lat' dir='ltr'><strong><em>parentibus</em></strong></span> <span class='ocrx_word' id='word_1_145' title='bbox 666 965 900 1011; x_wconf 80' lang='lat' dir='ltr'><strong><em>sponsetur,</em></strong></span> <span class='ocrx_word' id='word_1_146' title='bbox 919 965 959 998; x_wconf 93' lang='lat' dir='ltr'><strong><em>et</em></strong></span> <span class='ocrx_word' id='word_1_147' title='bbox 977 959 1139 1011; x_wconf 88' lang='lat' dir='ltr'><strong><em>legibus</em></strong></span> <span class='ocrx_word' id='word_1_148' title='bbox 1158 960 1335 1003; x_wconf 91' lang='lat' dir='ltr'><strong><em>dotetur,</em></strong></span> <span class='ocrx_word' id='word_1_149' title='bbox 1354 965 1394 998; x_wconf 94' lang='lat' dir='ltr'><strong><em>et</em></strong></span> <span class='ocrx_word' id='word_1_150' title='bbox 1412 972 1435 998; x_wconf 92' lang='lat' dir='ltr'><strong><em>a</em></strong></span> <span class='ocrx_word' id='word_1_151' title='bbox 1456 959 1670 998; x_wconf 80' lang='lat' dir='ltr'><strong><em>sacerdote</em></strong></span> <span class='ocrx_word' id='word_1_152' title='bbox 1687 965 1734 998; x_wconf 93' lang='lat' dir='ltr'><strong><em>ut</em></strong></span> <span class='ocrx_word' id='word_1_153' title='bbox 1753 972 1846 997; x_wconf 93' lang='lat' dir='ltr'><strong><em>mos</em></strong></span> <span class='ocrx_word' id='word_1_154' title='bbox 1865 966 1927 998; x_wconf 89' lang='lat' dir='ltr'><strong><em>est</em></strong></span> 
     </span>
     <span class='ocr_line' id='line_1_15' title="bbox 110 1015 1925 1068; baseline -0.001 -13"><span class='ocrx_word' id='word_1_155' title='bbox 110 1016 390 1061; x_wconf 82' lang='lat' dir='ltr'><strong><em>benedicatur,</em></strong></span> <span class='ocrx_word' id='word_1_156' title='bbox 415 1021 456 1054; x_wconf 92' lang='lat' dir='ltr'><strong><em>et</em></strong></span> <span class='ocrx_word' id='word_1_157' title='bbox 480 1029 505 1054; x_wconf 91' lang='lat' dir='ltr'><strong><em>a</em></strong></span> <span class='ocrx_word' id='word_1_158' title='bbox 533 1016 832 1068; x_wconf 86' lang='lat' dir='ltr'><strong><em>paranymphis</em></strong></span> <span class='ocrx_word' id='word_1_159' title='bbox 856 1016 1126 1060; x_wconf 88' lang='lat' dir='ltr'><strong><em>custodiatur,</em></strong></span> <span class='ocrx_word' id='word_1_160' title='bbox 1152 1028 1199 1054; x_wconf 92' lang='lat' dir='ltr'><strong><em>ac</em></strong></span> <span class='ocrx_word' id='word_1_161' title='bbox 1225 1016 1463 1054; x_wconf 87' lang='lat' dir='ltr'><strong><em>solemniter</em></strong></span> <span class='ocrx_word' id='word_1_162' title='bbox 1488 1015 1736 1067; x_wconf 87' lang='lat' dir='ltr'><strong><em>accipiatur&#39;.</em></strong></span> <span class='ocrx_word' id='word_1_163' title='bbox 1751 1045 1759 1053; x_wconf 86' lang='lat'><strong><em>.</em></strong></span> <span class='ocrx_word' id='word_1_164' title='bbox 1775 1046 1805 1053; x_wconf 92' lang='lat'><strong><em>..</em></strong></span> <span class='ocrx_word' id='word_1_165' title='bbox 1834 1017 1925 1053; x_wconf 91' lang='lat' dir='ltr'><strong><em>Hoc</em></strong></span> 
     </span>
     <span class='ocr_line' id='line_1_16' title="bbox 110 1071 1925 1123; baseline -0.001 -13"><span class='ocrx_word' id='word_1_166' title='bbox 110 1078 251 1111; x_wconf 86' lang='lat' dir='ltr'><strong><em>autem</em></strong></span> <span class='ocrx_word' id='word_1_167' title='bbox 278 1085 366 1110; x_wconf 92' lang='lat' dir='ltr'><strong><em>non</em></strong></span> <span class='ocrx_word' id='word_1_168' title='bbox 394 1074 448 1110; x_wconf 91' lang='lat' dir='ltr'><strong><em>ita</em></strong></span> <span class='ocrx_word' id='word_1_169' title='bbox 478 1071 793 1123; x_wconf 89' lang='lat' dir='ltr'><strong><em>intelligendum</em></strong></span> <span class='ocrx_word' id='word_1_170' title='bbox 821 1077 894 1115; x_wconf 87' lang='lat' dir='ltr'><strong><em>est,</em></strong></span> <span class='ocrx_word' id='word_1_171' title='bbox 923 1077 1135 1123; x_wconf 82' lang='lat' dir='ltr'><strong><em>tamquam</em></strong></span> <span class='ocrx_word' id='word_1_172' title='bbox 1164 1074 1253 1110; x_wconf 89' lang='lat' dir='ltr'><strong><em>sine</em></strong></span> <span class='ocrx_word' id='word_1_173' title='bbox 1280 1074 1531 1109; x_wconf 87' lang='lat' dir='ltr'><strong><em>enumeratis</em></strong></span> <span class='ocrx_word' id='word_1_174' title='bbox 1560 1084 1646 1109; x_wconf 92' lang='lat' dir='ltr'><strong><em>non</em></strong></span> <span class='ocrx_word' id='word_1_175' title='bbox 1675 1074 1807 1122; x_wconf 86' lang='lat' dir='ltr'><strong><em>possit</em></strong></span> <span class='ocrx_word' id='word_1_176' title='bbox 1834 1084 1925 1109; x_wconf 87' lang='lat' dir='ltr'><strong><em>esse</em></strong></span> 
     </span>
     <span class='ocr_line' id='line_1_17' title="bbox 110 1127 1923 1180; baseline -0.001 -13"><span class='ocrx_word' id='word_1_177' title='bbox 110 1128 342 1180; x_wconf 89' lang='lat' dir='ltr'><strong><em>legitimum</em></strong></span> <span class='ocrx_word' id='word_1_178' title='bbox 369 1130 626 1179; x_wconf 90' lang='lat' dir='ltr'><strong><em>coniugium,</em></strong></span> <span class='ocrx_word' id='word_1_179' title='bbox 655 1128 729 1166; x_wconf 87' lang='lat' dir='ltr'><strong><em>sed</em></strong></span> <span class='ocrx_word' id='word_1_180' title='bbox 758 1130 856 1179; x_wconf 90' lang='lat' dir='ltr'><strong><em>quia</em></strong></span> <span class='ocrx_word' id='word_1_181' title='bbox 885 1130 974 1166; x_wconf 89' lang='lat' dir='ltr'><strong><em>sine</em></strong></span> <span class='ocrx_word' id='word_1_182' title='bbox 1003 1127 1082 1166; x_wconf 90' lang='lat' dir='ltr'><strong><em>illis</em></strong></span> <span class='ocrx_word' id='word_1_183' title='bbox 1110 1141 1196 1166; x_wconf 90' lang='lat' dir='ltr'><strong><em>non</em></strong></span> <span class='ocrx_word' id='word_1_184' title='bbox 1224 1128 1347 1166; x_wconf 90' lang='lat' dir='ltr'><strong><em>habet</em></strong></span> <span class='ocrx_word' id='word_1_185' title='bbox 1375 1127 1568 1166; x_wconf 90' lang='lat' dir='ltr'><strong><em>decorem</em></strong></span> <span class='ocrx_word' id='word_1_186' title='bbox 1597 1133 1637 1165; x_wconf 88' lang='lat' dir='ltr'><strong><em>et</em></strong></span> <span class='ocrx_word' id='word_1_187' title='bbox 1665 1127 1923 1165; x_wconf 87' lang='lat' dir='ltr'><strong><em>honestatem</em></strong></span> 
     </span>
     <span class='ocr_line' id='line_1_18' title="bbox 110 1184 1923 1236; baseline -0.001 -14"><span class='ocrx_word' id='word_1_188' title='bbox 110 1184 332 1223; x_wconf 89' lang='lat' dir='ltr'><strong><em>debitam.&#39;&#39;</em></strong></span> <span class='ocrx_word' id='word_1_189' title='bbox 351 1184 414 1222; x_wconf 87' lang='lat' dir='ltr'><strong><em>Cf.</em></strong></span> <span class='ocrx_word' id='word_1_190' title='bbox 432 1185 620 1236; x_wconf 90' lang='lat' dir='ltr'><strong><em>Gregory</em></strong></span> <span class='ocrx_word' id='word_1_191' title='bbox 640 1185 701 1228; x_wconf 86' lang='lat' dir='ltr'><strong><em>IX,</em></strong></span> <span class='ocrx_word' id='word_1_192' title='bbox 720 1184 931 1222; x_wconf 87' lang='lat' dir='ltr'><strong><em>Decretales</em></strong></span> <span class='ocrx_word' id='word_1_193' title='bbox 948 1185 1045 1222; x_wconf 84' lang='lat'><strong><em>4.1.1</em></strong></span> <span class='ocrx_word' id='word_1_194' title='bbox 1069 1184 1226 1234; x_wconf 86' lang='lat'>(2.661):</span> <span class='ocrx_word' id='word_1_195' title='bbox 1245 1184 1588 1221; x_wconf 79' lang='lat' dir='ltr'><strong><em>“Matrimonium</em></strong></span> <span class='ocrx_word' id='word_1_196' title='bbox 1607 1184 1698 1221; x_wconf 90' lang='lat' dir='ltr'><strong><em>solo</em></strong></span> <span class='ocrx_word' id='word_1_197' title='bbox 1717 1196 1923 1221; x_wconf 89' lang='lat' dir='ltr'><strong><em>consensu</em></strong></span> 
     </span>
     <span class='ocr_line' id='line_1_19' title="bbox 109 1240 1924 1291; baseline -0.001 -12"><span class='ocrx_word' id='word_1_198' title='bbox 109 1240 375 1285; x_wconf 87' lang='lat' dir='ltr'><strong><em>contrahitur,</em></strong></span> <span class='ocrx_word' id='word_1_199' title='bbox 392 1253 467 1279; x_wconf 89' lang='lat' dir='ltr'><strong><em>nec</em></strong></span> <span class='ocrx_word' id='word_1_200' title='bbox 485 1240 747 1284; x_wconf 91' lang='lat' dir='ltr'><strong><em>invalidatur,</em></strong></span> <span class='ocrx_word' id='word_1_201' title='bbox 764 1242 799 1278; x_wconf 92' lang='lat' dir='ltr'><strong><em>si</em></strong></span> <span class='ocrx_word' id='word_1_202' title='bbox 815 1240 1078 1278; x_wconf 90' lang='lat' dir='ltr'><strong><em>consuetudo</em></strong></span> <span class='ocrx_word' id='word_1_203' title='bbox 1095 1242 1251 1291; x_wconf 75' lang='lat' dir='ltr'><strong><em>patriae</em></strong></span> <span class='ocrx_word' id='word_1_204' title='bbox 1267 1253 1353 1278; x_wconf 94' lang='lat' dir='ltr'><strong><em>non</em></strong></span> <span class='ocrx_word' id='word_1_205' title='bbox 1370 1246 1565 1278; x_wconf 89' lang='lat' dir='ltr'><strong><em>servetur.</em></strong></span> <span class='ocrx_word' id='word_1_206' title='bbox 1584 1240 1646 1278; x_wconf 87' lang='grc' dir='ltr'><strong><em>ΕΧ</em></strong></span> <span class='ocrx_word' id='word_1_207' title='bbox 1665 1240 1924 1278; x_wconf 91' lang='lat' dir='ltr'><strong><em>CONCILIO</em></strong></span> 
     </span>
     <span class='ocr_line' id='line_1_20' title="bbox 109 1296 1923 1348; baseline -0.001 -13"><span class='ocrx_word' id='word_1_208' title='bbox 109 1297 440 1335; x_wconf 89' lang='lat' dir='ltr'><strong><em>TRIBURIENSI.</em></strong></span> <span class='ocrx_word' id='word_1_209' title='bbox 461 1297 523 1334; x_wconf 92' lang='lat' dir='ltr'><strong><em>De</em></strong></span> <span class='ocrx_word' id='word_1_210' title='bbox 542 1297 707 1334; x_wconf 88' lang='lat' dir='ltr'><strong><em>Francia</em></strong></span> <span class='ocrx_word' id='word_1_211' title='bbox 727 1296 878 1334; x_wconf 90' lang='lat' dir='ltr'><strong><em>nobilis</em></strong></span> <span class='ocrx_word' id='word_1_212' title='bbox 896 1296 1070 1348; x_wconf 90' lang='lat' dir='ltr'><strong><em>quidam</em></strong></span> <span class='ocrx_word' id='word_1_213' title='bbox 1089 1296 1218 1334; x_wconf 92' lang='lat' dir='ltr'><strong><em>homo</em></strong></span> <span class='ocrx_word' id='word_1_214' title='bbox 1238 1296 1419 1334; x_wconf 91' lang='lat' dir='ltr'><strong><em>nobilem</em></strong></span> <span class='ocrx_word' id='word_1_215' title='bbox 1440 1296 1655 1334; x_wconf 88' lang='lat' dir='ltr'><strong><em>mulierem</em></strong></span> <span class='ocrx_word' id='word_1_216' title='bbox 1676 1296 1730 1333; x_wconf 93' lang='lat' dir='ltr'><strong><em>de</em></strong></span> <span class='ocrx_word' id='word_1_217' title='bbox 1748 1297 1923 1333; x_wconf 89' lang='lat' dir='ltr'><strong><em>Saxonia</em></strong></span> 
     </span>
     <span class='ocr_line' id='line_1_21' title="bbox 109 1352 1925 1405; baseline -0.001 -13"><span class='ocrx_word' id='word_1_218' title='bbox 109 1353 201 1405; x_wconf 91' lang='lat' dir='ltr'><strong><em>lege</em></strong></span> <span class='ocrx_word' id='word_1_219' title='bbox 227 1353 439 1392; x_wconf 85' lang='lat' dir='ltr'><strong><em>Saxonum</em></strong></span> <span class='ocrx_word' id='word_1_220' title='bbox 468 1353 586 1391; x_wconf 90' lang='lat' dir='ltr'><strong><em>duxit</em></strong></span> <span class='ocrx_word' id='word_1_221' title='bbox 614 1355 656 1391; x_wconf 91' lang='lat' dir='ltr'><strong><em>in</em></strong></span> <span class='ocrx_word' id='word_1_222' title='bbox 685 1365 870 1397; x_wconf 90' lang='lat' dir='ltr'><strong><em>uxorem,</em></strong></span> <span class='ocrx_word' id='word_1_223' title='bbox 899 1355 1112 1404; x_wconf 88' lang='lat' dir='ltr'><strong><em>tenuitque</em></strong></span> <span class='ocrx_word' id='word_1_224' title='bbox 1140 1366 1232 1391; x_wconf 90' lang='lat' dir='ltr'><strong><em>eam</em></strong></span> <span class='ocrx_word' id='word_1_225' title='bbox 1262 1352 1403 1391; x_wconf 92' lang='lat' dir='ltr'><strong><em>multis</em></strong></span> <span class='ocrx_word' id='word_1_226' title='bbox 1432 1355 1563 1396; x_wconf 90' lang='lat' dir='ltr'><strong><em>annis,</em></strong></span> <span class='ocrx_word' id='word_1_227' title='bbox 1592 1359 1631 1391; x_wconf 88' lang='lat' dir='ltr'><strong><em>et</em></strong></span> <span class='ocrx_word' id='word_1_228' title='bbox 1660 1365 1708 1391; x_wconf 91' lang='lat' dir='ltr'><strong><em>ex</em></strong></span> <span class='ocrx_word' id='word_1_229' title='bbox 1737 1365 1785 1391; x_wconf 86' lang='lat' dir='ltr'><strong><em>ea</em></strong></span> <span class='ocrx_word' id='word_1_230' title='bbox 1816 1352 1925 1391; x_wconf 88' lang='lat' dir='ltr'><strong><em>filios</em></strong></span> 
     </span>
     <span class='ocr_line' id='line_1_22' title="bbox 110 1409 1923 1461; baseline -0.001 -13"><span class='ocrx_word' id='word_1_231' title='bbox 110 1412 352 1461; x_wconf 88' lang='lat' dir='ltr'><strong><em>procreavit.</em></strong></span> <span class='ocrx_word' id='word_1_232' title='bbox 378 1410 533 1448; x_wconf 88' lang='lat' dir='ltr'><strong><em>Verum</em></strong></span> <span class='ocrx_word' id='word_1_233' title='bbox 559 1412 658 1461; x_wconf 91' lang='lat' dir='ltr'><strong><em>quia</em></strong></span> <span class='ocrx_word' id='word_1_234' title='bbox 684 1422 770 1448; x_wconf 92' lang='lat' dir='ltr'><strong><em>non</em></strong></span> <span class='ocrx_word' id='word_1_235' title='bbox 796 1409 954 1448; x_wconf 88' lang='lat' dir='ltr'><strong><em>eisdem</em></strong></span> <span class='ocrx_word' id='word_1_236' title='bbox 980 1415 1155 1448; x_wconf 87' lang='lat' dir='ltr'><strong><em>utuntur</em></strong></span> <span class='ocrx_word' id='word_1_237' title='bbox 1180 1409 1341 1461; x_wconf 88' lang='lat' dir='ltr'><strong><em>legibus</em></strong></span> <span class='ocrx_word' id='word_1_238' title='bbox 1366 1410 1547 1448; x_wconf 88' lang='lat' dir='ltr'><strong><em>Saxones</em></strong></span> <span class='ocrx_word' id='word_1_239' title='bbox 1574 1415 1614 1447; x_wconf 88' lang='lat' dir='ltr'><strong><em>et</em></strong></span> <span class='ocrx_word' id='word_1_240' title='bbox 1640 1410 1923 1460; x_wconf 83' lang='lat' dir='ltr'><strong><em>Francigenae,</em></strong></span> 
     </span>
     <span class='ocr_line' id='line_1_23' title="bbox 109 1466 1924 1518; baseline -0.001 -14"><span class='ocrx_word' id='word_1_241' title='bbox 109 1471 304 1505; x_wconf 87' lang='lat' dir='ltr'><strong><em>causatus</em></strong></span> <span class='ocrx_word' id='word_1_242' title='bbox 332 1471 406 1510; x_wconf 88' lang='lat' dir='ltr'><strong><em>est,</em></strong></span> <span class='ocrx_word' id='word_1_243' title='bbox 434 1466 550 1518; x_wconf 92' lang='lat' dir='ltr'><strong><em>quod</em></strong></span> <span class='ocrx_word' id='word_1_244' title='bbox 580 1478 672 1504; x_wconf 90' lang='lat' dir='ltr'><strong><em>eam</em></strong></span> <span class='ocrx_word' id='word_1_245' title='bbox 702 1478 788 1504; x_wconf 91' lang='lat' dir='ltr'><strong><em>non</em></strong></span> <span class='ocrx_word' id='word_1_246' title='bbox 816 1478 904 1510; x_wconf 90' lang='lat' dir='ltr'><strong><em>sua,</em></strong></span> <span class='ocrx_word' id='word_1_247' title='bbox 934 1466 976 1504; x_wconf 92' lang='lat' dir='ltr'><strong><em>id</em></strong></span> <span class='ocrx_word' id='word_1_248' title='bbox 1007 1472 1068 1504; x_wconf 88' lang='lat' dir='ltr'><strong><em>est</em></strong></span> <span class='ocrx_word' id='word_1_249' title='bbox 1097 1467 1343 1504; x_wconf 88' lang='lat' dir='ltr'><strong><em>Francorum</em></strong></span> <span class='ocrx_word' id='word_1_250' title='bbox 1373 1466 1463 1517; x_wconf 91' lang='lat' dir='ltr'><strong><em>lege</em></strong></span> <span class='ocrx_word' id='word_1_251' title='bbox 1492 1466 1829 1517; x_wconf 89' lang='lat' dir='ltr'><strong><em>desponsaverat,</em></strong></span> <span class='ocrx_word' id='word_1_252' title='bbox 1859 1466 1924 1503; x_wconf 94' lang='lat' dir='ltr'><strong><em>vel</em></strong></span> 
     </span>
     <span class='ocr_line' id='line_1_24' title="bbox 109 1521 1924 1574; baseline -0.001 -14"><span class='ocrx_word' id='word_1_253' title='bbox 109 1527 333 1574; x_wconf 85' lang='lat' dir='ltr'><strong><em>acceperat,</em></strong></span> <span class='ocrx_word' id='word_1_254' title='bbox 356 1522 416 1560; x_wconf 89' lang='lat' dir='ltr'><strong><em>vel</em></strong></span> <span class='ocrx_word' id='word_1_255' title='bbox 437 1522 643 1566; x_wconf 87' lang='lat' dir='ltr'><strong><em>dotaverat,</em></strong></span> <span class='ocrx_word' id='word_1_256' title='bbox 667 1521 922 1574; x_wconf 89' lang='lat' dir='ltr'><strong><em>dimissaque</em></strong></span> <span class='ocrx_word' id='word_1_257' title='bbox 947 1522 1013 1560; x_wconf 90' lang='lat' dir='ltr'><strong><em>illa</em></strong></span> <span class='ocrx_word' id='word_1_258' title='bbox 1038 1522 1161 1560; x_wconf 90' lang='lat' dir='ltr'><strong><em>aliam</em></strong></span> <span class='ocrx_word' id='word_1_259' title='bbox 1185 1522 1439 1574; x_wconf 88' lang='lat' dir='ltr'><strong><em>superduxit.</em></strong></span> <span class='ocrx_word' id='word_1_260' title='bbox 1466 1521 1671 1559; x_wconf 89' lang='lat' dir='ltr'><strong><em>Diffinivit</em></strong></span> <span class='ocrx_word' id='word_1_261' title='bbox 1695 1534 1822 1573; x_wconf 89' lang='lat' dir='ltr'><strong><em>super</em></strong></span> <span class='ocrx_word' id='word_1_262' title='bbox 1844 1521 1924 1559; x_wconf 89' lang='lat' dir='ltr'><strong><em>hoc</em></strong></span> 
     </span>
     <span class='ocr_line' id='line_1_25' title="bbox 109 1577 1923 1629; baseline -0.001 -13"><span class='ocrx_word' id='word_1_263' title='bbox 109 1583 250 1616; x_wconf 86' lang='lat' dir='ltr'><strong><em>sancta</em></strong></span> <span class='ocrx_word' id='word_1_264' title='bbox 264 1577 467 1629; x_wconf 84' lang='lat' dir='ltr'><strong><em>synodus,</em></strong></span> <span class='ocrx_word' id='word_1_265' title='bbox 480 1583 527 1616; x_wconf 89' lang='lat' dir='ltr'><strong><em>ut</em></strong></span> <span class='ocrx_word' id='word_1_266' title='bbox 542 1577 609 1616; x_wconf 92' lang='lat' dir='ltr'><strong><em>ille</em></strong></span> <span class='ocrx_word' id='word_1_267' title='bbox 623 1583 899 1629; x_wconf 88' lang='lat' dir='ltr'><strong><em>transgressor</em></strong></span> <span class='ocrx_word' id='word_1_268' title='bbox 912 1578 1173 1629; x_wconf 89' lang='lat' dir='ltr'><strong><em>evangelicae</em></strong></span> <span class='ocrx_word' id='word_1_269' title='bbox 1187 1578 1289 1629; x_wconf 89' lang='lat' dir='ltr'><strong><em>legis</em></strong></span> <span class='ocrx_word' id='word_1_270' title='bbox 1304 1577 1529 1616; x_wconf 87' lang='lat' dir='ltr'><strong><em>subiciatur</em></strong></span> <span class='ocrx_word' id='word_1_271' title='bbox 1543 1579 1832 1628; x_wconf 86' lang='lat' dir='ltr'><strong><em>poenitentiae,</em></strong></span> <span class='ocrx_word' id='word_1_272' title='bbox 1846 1583 1886 1615; x_wconf 87' lang='lat' dir='ltr'><strong><em>et</em></strong></span> <span class='ocrx_word' id='word_1_273' title='bbox 1900 1590 1923 1615; x_wconf 90' lang='lat' dir='ltr'><strong><em>a</em></strong></span> 
     </span>
     <span class='ocr_line' id='line_1_26' title="bbox 109 1633 1925 1685; baseline -0.001 -13"><span class='ocrx_word' id='word_1_274' title='bbox 109 1634 293 1672; x_wconf 85' lang='lat' dir='ltr'><strong><em>secunda</em></strong></span> <span class='ocrx_word' id='word_1_275' title='bbox 312 1636 492 1685; x_wconf 90' lang='lat' dir='ltr'><strong><em>coniuge</em></strong></span> <span class='ocrx_word' id='word_1_276' title='bbox 510 1640 734 1685; x_wconf 88' lang='lat' dir='ltr'><strong><em>separetur,</em></strong></span> <span class='ocrx_word' id='word_1_277' title='bbox 753 1639 793 1672; x_wconf 88' lang='lat' dir='ltr'><strong><em>et</em></strong></span> <span class='ocrx_word' id='word_1_278' title='bbox 811 1634 865 1671; x_wconf 94' lang='lat' dir='ltr'><strong><em>ad</em></strong></span> <span class='ocrx_word' id='word_1_279' title='bbox 886 1636 1066 1685; x_wconf 89' lang='lat' dir='ltr'><strong><em>priorem</em></strong></span> <span class='ocrx_word' id='word_1_280' title='bbox 1085 1634 1219 1672; x_wconf 89' lang='lat' dir='ltr'><strong><em>redire</em></strong></span> <span class='ocrx_word' id='word_1_281' title='bbox 1237 1634 1445 1685; x_wconf 89' lang='lat' dir='ltr'><strong><em>cogatur.‘&#39;</em></strong></span> <span class='ocrx_word' id='word_1_282' title='bbox 1468 1634 1558 1684; x_wconf 92' lang='lat' dir='ltr'><strong><em>(My</em></strong></span> <span class='ocrx_word' id='word_1_283' title='bbox 1579 1633 1735 1683; x_wconf 90' lang='lat' dir='ltr'><strong><em>italics.)</em></strong></span> <span class='ocrx_word' id='word_1_284' title='bbox 1755 1634 1824 1671; x_wconf 90' lang='lat' dir='ltr'><strong><em>On</em></strong></span> <span class='ocrx_word' id='word_1_285' title='bbox 1846 1634 1925 1670; x_wconf 88' lang='lat' dir='ltr'><strong><em>this</em></strong></span> 
     </span>
     <span class='ocr_line' id='line_1_27' title="bbox 109 1689 1925 1741; baseline -0.001 -13"><span class='ocrx_word' id='word_1_286' title='bbox 109 1689 248 1728; x_wconf 90' lang='lat' dir='ltr'><strong><em>whole</em></strong></span> <span class='ocrx_word' id='word_1_287' title='bbox 261 1689 429 1741; x_wconf 86' lang='lat' dir='ltr'><strong><em>subject,</em></strong></span> <span class='ocrx_word' id='word_1_288' title='bbox 444 1702 513 1727; x_wconf 87' lang='lat' dir='ltr'><strong><em>see</em></strong></span> <span class='ocrx_word' id='word_1_289' title='bbox 528 1689 759 1741; x_wconf 89' lang='lat' dir='ltr'><strong><em>Brundage,</em></strong></span> <span class='ocrx_word' id='word_1_290' title='bbox 774 1690 870 1735; x_wconf 88' lang='lat' dir='ltr'><strong><em>Law,</em></strong></span> <span class='ocrx_word' id='word_1_291' title='bbox 887 1690 969 1735; x_wconf 84' lang='lat' dir='ltr'><strong><em>Sex,</em></strong></span> <span class='ocrx_word' id='word_1_292' title='bbox 984 1690 1062 1727; x_wconf 87' lang='lat' dir='ltr'><strong><em>and</em></strong></span> <span class='ocrx_word' id='word_1_293' title='bbox 1077 1690 1267 1727; x_wconf 83' lang='lat' dir='ltr'><strong><em>Christian</em></strong></span> <span class='ocrx_word' id='word_1_294' title='bbox 1285 1690 1442 1740; x_wconf 87' lang='lat' dir='ltr'><strong><em>Society,</em></strong></span> <span class='ocrx_word' id='word_1_295' title='bbox 1457 1689 1677 1740; x_wconf 86' lang='lat' dir='ltr'><strong><em>especially</em></strong></span> <span class='ocrx_word' id='word_1_296' title='bbox 1694 1691 1768 1727; x_wconf 87' lang='lat'><strong><em>114</em></strong></span> <span class='ocrx_word' id='word_1_297' title='bbox 1784 1702 1840 1726; x_wconf 88' lang='lat' dir='ltr'><strong><em>on</em></strong></span> <span class='ocrx_word' id='word_1_298' title='bbox 1857 1689 1925 1726; x_wconf 90' lang='lat' dir='ltr'><strong><em>the</em></strong></span> 
     </span>
     <span class='ocr_line' id='line_1_28' title="bbox 109 1745 1923 1797; baseline -0.001 -13"><span class='ocrx_word' id='word_1_299' title='bbox 109 1751 241 1784; x_wconf 85' lang='lat' dir='ltr'><strong><em>status</em></strong></span> <span class='ocrx_word' id='word_1_300' title='bbox 257 1745 305 1784; x_wconf 92' lang='lat' dir='ltr'><strong><em>of</em></strong></span> <span class='ocrx_word' id='word_1_301' title='bbox 322 1745 391 1784; x_wconf 87' lang='lat' dir='ltr'><strong><em>the</em></strong></span> <span class='ocrx_word' id='word_1_302' title='bbox 409 1745 556 1797; x_wconf 92' lang='lat' dir='ltr'><strong><em>dowry</em></strong></span> <span class='ocrx_word' id='word_1_303' title='bbox 577 1748 619 1783; x_wconf 92' lang='lat' dir='ltr'><strong><em>in</em></strong></span> <span class='ocrx_word' id='word_1_304' title='bbox 638 1746 797 1784; x_wconf 89' lang='lat' dir='ltr'><strong><em>Roman</em></strong></span> <span class='ocrx_word' id='word_1_305' title='bbox 815 1745 896 1783; x_wconf 91' lang='lat' dir='ltr'><strong><em>law</em></strong></span> <span class='ocrx_word' id='word_1_306' title='bbox 915 1745 1057 1783; x_wconf 82' lang='lat' dir='ltr'><strong><em>before</em></strong></span> <span class='ocrx_word' id='word_1_307' title='bbox 1073 1746 1273 1793; x_wconf 90' lang='lat' dir='ltr'><strong><em>Justinian</em></strong></span> <span class='ocrx_word' id='word_1_308' title='bbox 1292 1745 1375 1783; x_wconf 89' lang='lat' dir='ltr'><strong><em>and</em></strong></span> <span class='ocrx_word' id='word_1_309' title='bbox 1395 1746 1470 1783; x_wconf 90' lang='grc'><strong><em>275</em></strong></span> <span class='ocrx_word' id='word_1_310' title='bbox 1489 1758 1546 1783; x_wconf 90' lang='lat' dir='ltr'><strong><em>on</em></strong></span> <span class='ocrx_word' id='word_1_311' title='bbox 1566 1747 1615 1783; x_wconf 87' lang='lat' dir='ltr'><strong><em>its</em></strong></span> <span class='ocrx_word' id='word_1_312' title='bbox 1636 1751 1851 1783; x_wconf 90' lang='lat' dir='ltr'><strong><em>treatment</em></strong></span> <span class='ocrx_word' id='word_1_313' title='bbox 1869 1745 1923 1795; x_wconf 92' lang='lat' dir='ltr'><strong><em>by</em></strong></span> 
     </span>
     <span class='ocr_line' id='line_1_29' title="bbox 110 1801 1355 1852; baseline 0 -12"><span class='ocrx_word' id='word_1_314' title='bbox 110 1801 179 1840; x_wconf 90' lang='lat' dir='ltr'><strong><em>the</em></strong></span> <span class='ocrx_word' id='word_1_315' title='bbox 195 1801 407 1840; x_wconf 84' lang='lat' dir='ltr'><strong><em>decretists</em></strong></span> <span class='ocrx_word' id='word_1_316' title='bbox 424 1801 471 1840; x_wconf 90' lang='lat' dir='ltr'><strong><em>of</em></strong></span> <span class='ocrx_word' id='word_1_317' title='bbox 487 1801 556 1840; x_wconf 88' lang='lat' dir='ltr'><strong><em>the</em></strong></span> <span class='ocrx_word' id='word_1_318' title='bbox 573 1801 728 1840; x_wconf 81' lang='lat' dir='ltr'><strong><em>second</em></strong></span> <span class='ocrx_word' id='word_1_319' title='bbox 745 1801 834 1840; x_wconf 82' lang='lat' dir='ltr'><strong><em>half</em></strong></span> <span class='ocrx_word' id='word_1_320' title='bbox 849 1801 895 1840; x_wconf 88' lang='lat' dir='ltr'><strong><em>of</em></strong></span> <span class='ocrx_word' id='word_1_321' title='bbox 912 1801 980 1840; x_wconf 87' lang='lat' dir='ltr'><strong><em>the</em></strong></span> <span class='ocrx_word' id='word_1_322' title='bbox 998 1801 1155 1840; x_wconf 90' lang='lat' dir='ltr'><strong><em>twelfth</em></strong></span> <span class='ocrx_word' id='word_1_323' title='bbox 1172 1807 1355 1852; x_wconf 87' lang='lat' dir='ltr'><strong><em>century.</em></strong></span> 
     </span>
    </p>

    <p class='ocr_par' dir='ltr' id='par_1_5' title="bbox 109 1857 1925 2022">
     <span class='ocr_line' id='line_1_30' title="bbox 168 1857 1925 1909; baseline -0.001 -13"><span class='ocrx_word' id='word_1_324' title='bbox 168 1860 220 1896; x_wconf 76' lang='grc'><strong><em>43</em></strong></span> <span class='ocrx_word' id='word_1_325' title='bbox 236 1858 358 1896; x_wconf 84' lang='lat' dir='ltr'><strong><em>liberis</em></strong></span> <span class='ocrx_word' id='word_1_326' title='bbox 375 1869 421 1896; x_wconf 84' lang='lat' dir='ltr'><strong><em>ex</em></strong></span> <span class='ocrx_word' id='word_1_327' title='bbox 436 1869 479 1896; x_wconf 90' lang='lat' dir='ltr'><strong><em>eo</em></strong></span> <span class='ocrx_word' id='word_1_328' title='bbox 496 1859 608 1896; x_wconf 87' lang='lat' dir='ltr'><strong><em>natis:</em></strong></span> <span class='ocrx_word' id='word_1_329' title='bbox 624 1859 807 1902; x_wconf 89' lang='lat' dir='ltr'><strong><em>Gratian,</em></strong></span> <span class='ocrx_word' id='word_1_330' title='bbox 824 1858 1025 1896; x_wconf 86' lang='lat' dir='ltr'><strong><em>Decretum</em></strong></span> <span class='ocrx_word' id='word_1_331' title='bbox 1043 1859 1230 1896; x_wconf 86' lang='lat'><strong><em>2.32.4.15</em></strong></span> <span class='ocrx_word' id='word_1_332' title='bbox 1249 1858 1329 1909; x_wconf 90' lang='lat' dir='ltr'><strong><em>(ed.</em></strong></span> <span class='ocrx_word' id='word_1_333' title='bbox 1348 1858 1577 1908; x_wconf 87' lang='lat' dir='ltr'><strong><em>Friedberg,</em></strong></span> <span class='ocrx_word' id='word_1_334' title='bbox 1595 1858 1761 1907; x_wconf 87' lang='lat'><strong><em>1.1131):</em></strong></span> <span class='ocrx_word' id='word_1_335' title='bbox 1780 1857 1925 1895; x_wconf 89' lang='lat' dir='ltr'><strong><em>“Liber</em></strong></span> 
     </span>
     <span class='ocr_line' id='line_1_31' title="bbox 109 1913 1925 1966; baseline -0.001 -14"><span class='ocrx_word' id='word_1_336' title='bbox 109 1913 207 1952; x_wconf 90' lang='lat' dir='ltr'><strong><em>dicti</em></strong></span> <span class='ocrx_word' id='word_1_337' title='bbox 229 1919 339 1959; x_wconf 89' lang='lat' dir='ltr'><strong><em>sunt,</em></strong></span> <span class='ocrx_word' id='word_1_338' title='bbox 360 1916 433 1966; x_wconf 91' lang='lat' dir='ltr'><strong><em>qui</em></strong></span> <span class='ocrx_word' id='word_1_339' title='bbox 455 1927 504 1952; x_wconf 90' lang='lat' dir='ltr'><strong><em>ex</em></strong></span> <span class='ocrx_word' id='word_1_340' title='bbox 526 1914 655 1952; x_wconf 88' lang='lat' dir='ltr'><strong><em>libero</em></strong></span> <span class='ocrx_word' id='word_1_341' title='bbox 678 1917 942 1952; x_wconf 89' lang='lat' dir='ltr'><strong><em>matrimonio</em></strong></span> <span class='ocrx_word' id='word_1_342' title='bbox 964 1920 1062 1952; x_wconf 92' lang='lat' dir='ltr'><strong><em>sunt</em></strong></span> <span class='ocrx_word' id='word_1_343' title='bbox 1083 1914 1199 1952; x_wconf 90' lang='lat' dir='ltr'><strong><em>orti.&#39;&#39;</em></strong></span> <span class='ocrx_word' id='word_1_344' title='bbox 1223 1914 1286 1952; x_wconf 89' lang='lat' dir='ltr'><strong><em>Cf.</em></strong></span> <span class='ocrx_word' id='word_1_345' title='bbox 1308 1915 1495 1965; x_wconf 88' lang='lat' dir='ltr'><strong><em>Gregory</em></strong></span> <span class='ocrx_word' id='word_1_346' title='bbox 1518 1915 1579 1958; x_wconf 89' lang='grc' dir='ltr'><strong><em>ΙΧ,</em></strong></span> <span class='ocrx_word' id='word_1_347' title='bbox 1602 1914 1814 1951; x_wconf 87' lang='lat' dir='ltr'><strong><em>Decretales</em></strong></span> <span class='ocrx_word' id='word_1_348' title='bbox 1836 1914 1925 1951; x_wconf 88' lang='lat'><strong><em>4.17</em></strong></span> 
     </span>
     <span class='ocr_line' id='line_1_32' title="bbox 110 1970 855 2022; baseline 0 -13"><span class='ocrx_word' id='word_1_349' title='bbox 110 1970 346 2022; x_wconf 79' lang='lat'>(2709-17),</span> <span class='ocrx_word' id='word_1_350' title='bbox 362 1971 448 2016; x_wconf 87' lang='lat' dir='ltr'><strong><em>Qui</em></strong></span> <span class='ocrx_word' id='word_1_351' title='bbox 467 1970 541 2009; x_wconf 88' lang='lat' dir='ltr'><strong><em>filii</em></strong></span> <span class='ocrx_word' id='word_1_352' title='bbox 559 1976 656 2009; x_wconf 90' lang='lat' dir='ltr'><strong><em>sunt</em></strong></span> <span class='ocrx_word' id='word_1_353' title='bbox 673 1970 855 2022; x_wconf 88' lang='lat' dir='ltr'><strong><em>legitimi.</em></strong></span> 
     </span>
    </p>

    <p class='ocr_par' dir='ltr' id='par_1_6' title="bbox 108 2026 1922 2134">
     <span class='ocr_line' id='line_1_33' title="bbox 167 2026 1922 2078; baseline -0.001 -13"><span class='ocrx_word' id='word_1_354' title='bbox 167 2028 296 2065; x_wconf 79' lang='lat'>44—49</span> <span class='ocrx_word' id='word_1_355' title='bbox 311 2027 519 2065; x_wconf 88' lang='lat' dir='ltr'><strong><em>Honestate</em></strong></span> <span class='ocrx_word' id='word_1_356' title='bbox 535 2057 543 2065; x_wconf 88' lang='lat'><strong><em>.</em></strong></span> <span class='ocrx_word' id='word_1_357' title='bbox 559 2057 566 2065; x_wconf 93' lang='lat'><strong><em>.</em></strong></span> <span class='ocrx_word' id='word_1_358' title='bbox 582 2057 589 2064; x_wconf 97' lang='lat'><strong><em>.</em></strong></span> <span class='ocrx_word' id='word_1_359' title='bbox 607 2028 905 2065; x_wconf 84' lang='lat' dir='ltr'><strong><em>coniunctorum:</em></strong></span> <span class='ocrx_word' id='word_1_360' title='bbox 921 2027 1128 2065; x_wconf 89' lang='lat' dir='ltr'><strong><em>Honestate</em></strong></span> <span class='ocrx_word' id='word_1_361' title='bbox 1144 2039 1239 2078; x_wconf 89' lang='lat' dir='ltr'><strong><em>may</em></strong></span> <span class='ocrx_word' id='word_1_362' title='bbox 1255 2040 1309 2078; x_wconf 88' lang='lat' dir='ltr'><strong><em>go</em></strong></span> <span class='ocrx_word' id='word_1_363' title='bbox 1326 2027 1426 2064; x_wconf 88' lang='lat' dir='ltr'><strong><em>with</em></strong></span> <span class='ocrx_word' id='word_1_364' title='bbox 1441 2027 1570 2064; x_wconf 86' lang='lat' dir='ltr'><strong><em>either</em></strong></span> <span class='ocrx_word' id='word_1_365' title='bbox 1577 2026 1776 2077; x_wconf 87' lang='lat' dir='ltr'><strong><em>firmatum</em></strong></span> <span class='ocrx_word' id='word_1_366' title='bbox 1793 2039 1841 2063; x_wconf 91' lang='lat' dir='ltr'><strong><em>or</em></strong></span> <span class='ocrx_word' id='word_1_367' title='bbox 1855 2030 1922 2070; x_wconf 87' lang='lat' dir='ltr'><strong><em>est,</em></strong></span> 
     </span>
     <span class='ocr_line' id='line_1_34' title="bbox 108 2082 1095 2134; baseline 0 -13"><span class='ocrx_word' id='word_1_368' title='bbox 108 2083 262 2134; x_wconf 86' lang='lat' dir='ltr'><strong><em>eritque.</em></strong></span> <span class='ocrx_word' id='word_1_369' title='bbox 279 2082 364 2122; x_wconf 85' lang='lat' dir='ltr'><strong><em>The</em></strong></span> <span class='ocrx_word' id='word_1_370' title='bbox 382 2083 621 2121; x_wconf 69' lang='lat' dir='ltr'><strong><em>translation</em></strong></span> <span class='ocrx_word' id='word_1_371' title='bbox 639 2096 828 2121; x_wconf 89' lang='lat' dir='ltr'><strong><em>assumes</em></strong></span> <span class='ocrx_word' id='word_1_372' title='bbox 846 2083 914 2121; x_wconf 88' lang='lat' dir='ltr'><strong><em>the</em></strong></span> <span class='ocrx_word' id='word_1_373' title='bbox 932 2083 1095 2121; x_wconf 87' lang='lat' dir='ltr'><strong><em>former.</em></strong></span> 
     </span>
    </p>

    <p class='ocr_par' dir='ltr' id='par_1_7' title="bbox 109 2138 1925 2796">
     <span class='ocr_line' id='line_1_35' title="bbox 167 2138 1925 2190; baseline -0.001 -13"><span class='ocrx_word' id='word_1_374' title='bbox 167 2141 220 2177; x_wconf 80' lang='lat'><strong><em>46</em></strong></span> <span class='ocrx_word' id='word_1_375' title='bbox 242 2140 408 2190; x_wconf 85' lang='lat' dir='ltr'><strong><em>ipsorum</em></strong></span> <span class='ocrx_word' id='word_1_376' title='bbox 432 2150 630 2177; x_wconf 89' lang='lat' dir='ltr'><strong><em>consensu:</em></strong></span> <span class='ocrx_word' id='word_1_377' title='bbox 654 2140 730 2177; x_wconf 91' lang='lat' dir='ltr'><strong><em>For</em></strong></span> <span class='ocrx_word' id='word_1_378' title='bbox 752 2139 820 2177; x_wconf 91' lang='lat' dir='ltr'><strong><em>the</em></strong></span> <span class='ocrx_word' id='word_1_379' title='bbox 841 2139 993 2177; x_wconf 87' lang='lat' dir='ltr'><strong><em>central</em></strong></span> <span class='ocrx_word' id='word_1_380' title='bbox 1016 2139 1102 2177; x_wconf 90' lang='lat' dir='ltr'><strong><em>role</em></strong></span> <span class='ocrx_word' id='word_1_381' title='bbox 1124 2139 1170 2177; x_wconf 90' lang='lat' dir='ltr'><strong><em>of</em></strong></span> <span class='ocrx_word' id='word_1_382' title='bbox 1190 2145 1362 2177; x_wconf 90' lang='lat' dir='ltr'><strong><em>consent</em></strong></span> <span class='ocrx_word' id='word_1_383' title='bbox 1386 2141 1426 2176; x_wconf 91' lang='lat' dir='ltr'><strong><em>in</em></strong></span> <span class='ocrx_word' id='word_1_384' title='bbox 1450 2138 1654 2176; x_wconf 88' lang='lat' dir='ltr'><strong><em>medieval</em></strong></span> <span class='ocrx_word' id='word_1_385' title='bbox 1680 2138 1856 2176; x_wconf 89' lang='lat' dir='ltr'><strong><em>theories</em></strong></span> <span class='ocrx_word' id='word_1_386' title='bbox 1880 2138 1925 2175; x_wconf 90' lang='lat' dir='ltr'><strong><em>of</em></strong></span> 
     </span>
     <span class='ocr_line' id='line_1_36' title="bbox 109 2195 1925 2247; baseline -0.001 -13"><span class='ocrx_word' id='word_1_387' title='bbox 109 2197 323 2247; x_wconf 88' lang='lat' dir='ltr'><strong><em>marriage,</em></strong></span> <span class='ocrx_word' id='word_1_388' title='bbox 352 2208 421 2234; x_wconf 89' lang='lat' dir='ltr'><strong><em>see</em></strong></span> <span class='ocrx_word' id='word_1_389' title='bbox 448 2196 631 2239; x_wconf 90' lang='lat' dir='ltr'><strong><em>Gratian,</em></strong></span> <span class='ocrx_word' id='word_1_390' title='bbox 661 2196 861 2234; x_wconf 86' lang='lat' dir='ltr'><strong><em>Decretum</em></strong></span> <span class='ocrx_word' id='word_1_391' title='bbox 891 2196 1001 2239; x_wconf 76' lang='lat'><strong><em>(327,</em></strong></span> <span class='ocrx_word' id='word_1_392' title='bbox 1029 2196 1094 2247; x_wconf 87' lang='lat' dir='ltr'><strong><em>q.2</em></strong></span> <span class='ocrx_word' id='word_1_393' title='bbox 1124 2196 1306 2247; x_wconf 86' lang='lat'>(1.1062):</span> <span class='ocrx_word' id='word_1_394' title='bbox 1336 2195 1466 2233; x_wconf 86' lang='lat' dir='ltr'><strong><em>“Sunt</em></strong></span> <span class='ocrx_word' id='word_1_395' title='bbox 1494 2197 1605 2233; x_wconf 90' lang='lat' dir='ltr'><strong><em>enim</em></strong></span> <span class='ocrx_word' id='word_1_396' title='bbox 1635 2197 1805 2246; x_wconf 87' lang='lat' dir='ltr'><strong><em>nuptiae</em></strong></span> <span class='ocrx_word' id='word_1_397' title='bbox 1835 2197 1925 2232; x_wconf 91' lang='lat' dir='ltr'><strong><em>siue</em></strong></span> 
     </span>
     <span class='ocr_line' id='line_1_37' title="bbox 109 2251 1923 2303; baseline -0.001 -13"><span class='ocrx_word' id='word_1_398' title='bbox 109 2253 421 2290; x_wconf 88' lang='lat' dir='ltr'><strong><em>matrimonium</em></strong></span> <span class='ocrx_word' id='word_1_399' title='bbox 434 2254 514 2290; x_wconf 88' lang='lat' dir='ltr'><strong><em>uiri</em></strong></span> <span class='ocrx_word' id='word_1_400' title='bbox 528 2252 795 2303; x_wconf 90' lang='lat' dir='ltr'><strong><em>mulierisque</em></strong></span> <span class='ocrx_word' id='word_1_401' title='bbox 808 2254 1056 2296; x_wconf 90' lang='lat' dir='ltr'><strong><em>coniunctio,</em></strong></span> <span class='ocrx_word' id='word_1_402' title='bbox 1071 2252 1332 2290; x_wconf 90' lang='lat' dir='ltr'><strong><em>individuam</em></strong></span> <span class='ocrx_word' id='word_1_403' title='bbox 1346 2254 1457 2290; x_wconf 90' lang='lat' dir='ltr'><strong><em>uitae</em></strong></span> <span class='ocrx_word' id='word_1_404' title='bbox 1470 2251 1817 2289; x_wconf 88' lang='lat' dir='ltr'><strong><em>consuetudinem</em></strong></span> <span class='ocrx_word' id='word_1_405' title='bbox 1832 2253 1923 2288; x_wconf 88' lang='lat' dir='ltr'><strong><em>reti-</em></strong></span> 
     </span>
     <span class='ocr_line' id='line_1_38' title="bbox 109 2308 1923 2360; baseline -0.001 -14"><span class='ocrx_word' id='word_1_406' title='bbox 109 2320 224 2346; x_wconf 86' lang='lat' dir='ltr'><strong><em>nens.</em></strong></span> <span class='ocrx_word' id='word_1_407' title='bbox 239 2338 247 2346; x_wconf 92' lang='lat'><strong><em>.</em></strong></span> <span class='ocrx_word' id='word_1_408' title='bbox 262 2338 270 2346; x_wconf 90' lang='lat'><strong><em>.</em></strong></span> <span class='ocrx_word' id='word_1_409' title='bbox 285 2338 294 2346; x_wconf 93' lang='lat'><strong><em>.</em></strong></span> <span class='ocrx_word' id='word_1_410' title='bbox 312 2309 402 2346; x_wconf 90' lang='lat' dir='ltr'><strong><em>Fuit</em></strong></span> <span class='ocrx_word' id='word_1_411' title='bbox 418 2310 530 2346; x_wconf 90' lang='lat' dir='ltr'><strong><em>enim</em></strong></span> <span class='ocrx_word' id='word_1_412' title='bbox 549 2311 653 2346; x_wconf 88' lang='lat' dir='ltr'><strong><em>inter</em></strong></span> <span class='ocrx_word' id='word_1_413' title='bbox 669 2321 741 2346; x_wconf 91' lang='lat' dir='ltr'><strong><em>eos</em></strong></span> <span class='ocrx_word' id='word_1_414' title='bbox 758 2321 999 2352; x_wconf 90' lang='lat' dir='ltr'><strong><em>consensus,</em></strong></span> <span class='ocrx_word' id='word_1_415' title='bbox 1017 2311 1088 2360; x_wconf 92' lang='lat' dir='ltr'><strong><em>qui</em></strong></span> <span class='ocrx_word' id='word_1_416' title='bbox 1107 2314 1168 2346; x_wconf 93' lang='lat' dir='ltr'><strong><em>est</em></strong></span> <span class='ocrx_word' id='word_1_417' title='bbox 1185 2308 1370 2346; x_wconf 87' lang='lat' dir='ltr'><strong><em>efficiens</em></strong></span> <span class='ocrx_word' id='word_1_418' title='bbox 1388 2320 1512 2346; x_wconf 91' lang='lat' dir='ltr'><strong><em>causa</em></strong></span> <span class='ocrx_word' id='word_1_419' title='bbox 1532 2310 1795 2351; x_wconf 89' lang='lat' dir='ltr'><strong><em>matrimonii,</em></strong></span> <span class='ocrx_word' id='word_1_420' title='bbox 1814 2310 1923 2344; x_wconf 90' lang='lat' dir='ltr'><strong><em>iuxta</em></strong></span> 
     </span>
     <span class='ocr_line' id='line_1_39' title="bbox 110 2363 1919 2415; baseline -0.001 -13"><span class='ocrx_word' id='word_1_421' title='bbox 110 2363 213 2402; x_wconf 92' lang='lat' dir='ltr'><strong><em>illud</em></strong></span> <span class='ocrx_word' id='word_1_422' title='bbox 232 2363 406 2402; x_wconf 87' lang='lat' dir='ltr'><strong><em>Ysidori:</em></strong></span> <span class='ocrx_word' id='word_1_423' title='bbox 425 2364 681 2402; x_wconf 88' lang='lat' dir='ltr'><strong><em>‘Consensus</em></strong></span> <span class='ocrx_word' id='word_1_424' title='bbox 699 2364 795 2402; x_wconf 88' lang='lat' dir='ltr'><strong><em>facit</em></strong></span> <span class='ocrx_word' id='word_1_425' title='bbox 812 2364 1147 2408; x_wconf 64' lang='lat' dir='ltr'><strong><em>matrimoniuml</em></strong></span> <span class='ocrx_word' id='word_1_426' title='bbox 1162 2364 1186 2379; x_wconf 82' lang='lat'><strong><em>&#39;¹</em></strong></span> <span class='ocrx_word' id='word_1_427' title='bbox 1205 2365 1288 2402; x_wconf 91' lang='lat' dir='ltr'><strong><em>and</em></strong></span> <span class='ocrx_word' id='word_1_428' title='bbox 1306 2365 1493 2415; x_wconf 88' lang='lat' dir='ltr'><strong><em>Gregory</em></strong></span> <span class='ocrx_word' id='word_1_429' title='bbox 1514 2365 1574 2407; x_wconf 85' lang='lat' dir='ltr'><strong><em>IX,</em></strong></span> <span class='ocrx_word' id='word_1_430' title='bbox 1593 2364 1804 2402; x_wconf 87' lang='lat' dir='ltr'><strong><em>Decretales</em></strong></span> <span class='ocrx_word' id='word_1_431' title='bbox 1822 2365 1919 2401; x_wconf 85' lang='lat'><strong><em>4.1.1</em></strong></span> 
     </span>
     <span class='ocr_line' id='line_1_40' title="bbox 111 2420 1924 2471; baseline -0.001 -12"><span class='ocrx_word' id='word_1_432' title='bbox 111 2420 268 2471; x_wconf 89' lang='lat'>(2.661):</span> <span class='ocrx_word' id='word_1_433' title='bbox 293 2420 636 2459; x_wconf 80' lang='lat' dir='ltr'><strong><em>“Matrimonium</em></strong></span> <span class='ocrx_word' id='word_1_434' title='bbox 661 2420 751 2459; x_wconf 91' lang='lat' dir='ltr'><strong><em>solo</em></strong></span> <span class='ocrx_word' id='word_1_435' title='bbox 775 2433 982 2459; x_wconf 87' lang='lat' dir='ltr'><strong><em>consensu</em></strong></span> <span class='ocrx_word' id='word_1_436' title='bbox 1006 2420 1350 2459; x_wconf 87' lang='lat' dir='ltr'><strong><em>contrahabitur.&#39;&#39;</em></strong></span> <span class='ocrx_word' id='word_1_437' title='bbox 1376 2420 1439 2459; x_wconf 86' lang='lat' dir='ltr'><strong><em>Cf.</em></strong></span> <span class='ocrx_word' id='word_1_438' title='bbox 1466 2420 1589 2464; x_wconf 90' lang='lat' dir='ltr'><strong><em>idem,</em></strong></span> <span class='ocrx_word' id='word_1_439' title='bbox 1613 2420 1738 2458; x_wconf 89' lang='grc'>4.1.25</span> <span class='ocrx_word' id='word_1_440' title='bbox 1765 2420 1924 2470; x_wconf 74' lang='lat'><strong><em>(2670),-</em></strong></span> 
     </span>
     <span class='ocr_line' id='line_1_41' title="bbox 110 2476 1921 2527; baseline -0.001 -13"><span class='ocrx_word' id='word_1_441' title='bbox 110 2477 225 2514; x_wconf 87' lang='lat' dir='ltr'><strong><em>Peter</em></strong></span> <span class='ocrx_word' id='word_1_442' title='bbox 239 2476 458 2521; x_wconf 90' lang='lat' dir='ltr'><strong><em>Lombard,</em></strong></span> <span class='ocrx_word' id='word_1_443' title='bbox 475 2477 689 2515; x_wconf 87' lang='lat' dir='ltr'><strong><em>Sententiae</em></strong></span> <span class='ocrx_word' id='word_1_444' title='bbox 703 2477 829 2515; x_wconf 86' lang='lat'><strong><em>4.27.3</em></strong></span> <span class='ocrx_word' id='word_1_445' title='bbox 846 2477 1066 2527; x_wconf 84' lang='lat'>(2.422-23)</span> <span class='ocrx_word' id='word_1_446' title='bbox 1085 2477 1167 2515; x_wconf 90' lang='lat' dir='ltr'><strong><em>and</em></strong></span> <span class='ocrx_word' id='word_1_447' title='bbox 1184 2478 1309 2515; x_wconf 74' lang='lat'><strong><em>4283</em></strong></span> <span class='ocrx_word' id='word_1_448' title='bbox 1327 2477 1561 2527; x_wconf 83' lang='lat'><strong><em>(2.434-35).</em></strong></span> <span class='ocrx_word' id='word_1_449' title='bbox 1579 2476 1808 2527; x_wconf 88' lang='lat' dir='ltr'><strong><em>Brundage,</em></strong></span> <span class='ocrx_word' id='word_1_450' title='bbox 1826 2476 1921 2520; x_wconf 87' lang='lat' dir='ltr'><strong><em>Law,</em></strong></span> 
     </span>
     <span class='ocr_line' id='line_1_42' title="bbox 110 2531 1925 2585; baseline -0.001 -14"><span class='ocrx_word' id='word_1_451' title='bbox 110 2532 192 2578; x_wconf 85' lang='lat' dir='ltr'><strong><em>Sex,</em></strong></span> <span class='ocrx_word' id='word_1_452' title='bbox 222 2532 300 2571; x_wconf 86' lang='lat' dir='ltr'><strong><em>and</em></strong></span> <span class='ocrx_word' id='word_1_453' title='bbox 329 2532 520 2571; x_wconf 86' lang='lat' dir='ltr'><strong><em>Christian</em></strong></span> <span class='ocrx_word' id='word_1_454' title='bbox 552 2533 709 2584; x_wconf 86' lang='lat' dir='ltr'><strong><em>Society,</em></strong></span> <span class='ocrx_word' id='word_1_455' title='bbox 739 2533 902 2577; x_wconf 80' lang='lat'><strong><em>235-38,</em></strong></span> <span class='ocrx_word' id='word_1_456' title='bbox 931 2532 1227 2585; x_wconf 88' lang='lat' dir='ltr'><strong><em>distinguishes</em></strong></span> <span class='ocrx_word' id='word_1_457' title='bbox 1256 2533 1443 2571; x_wconf 87' lang='lat' dir='ltr'><strong><em>between</em></strong></span> <span class='ocrx_word' id='word_1_458' title='bbox 1472 2546 1495 2571; x_wconf 91' lang='lat' dir='ltr'><strong><em>a</em></strong></span> <span class='ocrx_word' id='word_1_459' title='bbox 1527 2532 1679 2571; x_wconf 89' lang='lat' dir='ltr'><strong><em>French</em></strong></span> <span class='ocrx_word' id='word_1_460' title='bbox 1709 2531 1848 2570; x_wconf 89' lang='lat' dir='ltr'><strong><em>model</em></strong></span> <span class='ocrx_word' id='word_1_461' title='bbox 1879 2531 1925 2570; x_wconf 83' lang='lat' dir='ltr'><strong><em>of</em></strong></span> 
     </span>
     <span class='ocr_line' id='line_1_43' title="bbox 110 2589 1924 2641; baseline -0.001 -14"><span class='ocrx_word' id='word_1_462' title='bbox 110 2591 312 2641; x_wconf 89' lang='lat' dir='ltr'><strong><em>marriage</em></strong></span> <span class='ocrx_word' id='word_1_463' title='bbox 327 2589 457 2628; x_wconf 89' lang='lat' dir='ltr'><strong><em>based</em></strong></span> <span class='ocrx_word' id='word_1_464' title='bbox 474 2602 530 2627; x_wconf 92' lang='lat' dir='ltr'><strong><em>on</em></strong></span> <span class='ocrx_word' id='word_1_465' title='bbox 547 2595 718 2628; x_wconf 91' lang='lat' dir='ltr'><strong><em>consent</em></strong></span> <span class='ocrx_word' id='word_1_466' title='bbox 735 2589 818 2628; x_wconf 89' lang='lat' dir='ltr'><strong><em>and</em></strong></span> <span class='ocrx_word' id='word_1_467' title='bbox 836 2602 889 2628; x_wconf 90' lang='lat' dir='ltr'><strong><em>an</em></strong></span> <span class='ocrx_word' id='word_1_468' title='bbox 907 2590 1048 2628; x_wconf 89' lang='lat' dir='ltr'><strong><em>Italian</em></strong></span> <span class='ocrx_word' id='word_1_469' title='bbox 1065 2590 1204 2628; x_wconf 90' lang='lat' dir='ltr'><strong><em>model</em></strong></span> <span class='ocrx_word' id='word_1_470' title='bbox 1222 2590 1350 2628; x_wconf 89' lang='lat' dir='ltr'><strong><em>based</em></strong></span> <span class='ocrx_word' id='word_1_471' title='bbox 1368 2602 1424 2628; x_wconf 93' lang='lat' dir='ltr'><strong><em>on</em></strong></span> <span class='ocrx_word' id='word_1_472' title='bbox 1441 2595 1612 2627; x_wconf 91' lang='lat' dir='ltr'><strong><em>consent</em></strong></span> <span class='ocrx_word' id='word_1_473' title='bbox 1628 2589 1711 2627; x_wconf 92' lang='lat' dir='ltr'><strong><em>and</em></strong></span> <span class='ocrx_word' id='word_1_474' title='bbox 1729 2601 1924 2626; x_wconf 87' lang='lat' dir='ltr'><strong><em>consum·</em></strong></span> 
     </span>
     <span class='ocr_line' id='line_1_44' title="bbox 110 2645 1925 2698; baseline -0.001 -15"><span class='ocrx_word' id='word_1_475' title='bbox 110 2647 279 2690; x_wconf 85' lang='lat' dir='ltr'><strong><em>mation;</em></strong></span> <span class='ocrx_word' id='word_1_476' title='bbox 292 2645 396 2684; x_wconf 88' lang='lat' dir='ltr'><strong><em>their</em></strong></span> <span class='ocrx_word' id='word_1_477' title='bbox 407 2648 537 2697; x_wconf 88' lang='lat' dir='ltr'><strong><em>major</em></strong></span> <span class='ocrx_word' id='word_1_478' title='bbox 547 2651 776 2698; x_wconf 85' lang='lat' dir='ltr'><strong><em>exponents</em></strong></span> <span class='ocrx_word' id='word_1_479' title='bbox 787 2659 856 2684; x_wconf 85' lang='lat' dir='ltr'><strong><em>are</em></strong></span> <span class='ocrx_word' id='word_1_480' title='bbox 869 2646 937 2684; x_wconf 89' lang='lat' dir='ltr'><strong><em>the</em></strong></span> <span class='ocrx_word' id='word_1_481' title='bbox 949 2646 1153 2684; x_wconf 88' lang='lat' dir='ltr'><strong><em>Lombard</em></strong></span> <span class='ocrx_word' id='word_1_482' title='bbox 1166 2646 1249 2684; x_wconf 91' lang='lat' dir='ltr'><strong><em>and</em></strong></span> <span class='ocrx_word' id='word_1_483' title='bbox 1262 2647 1431 2684; x_wconf 88' lang='lat' dir='ltr'><strong><em>Gratian</em></strong></span> <span class='ocrx_word' id='word_1_484' title='bbox 1444 2645 1723 2697; x_wconf 88' lang='lat' dir='ltr'><strong><em>respectively.</em></strong></span> <span class='ocrx_word' id='word_1_485' title='bbox 1738 2646 1814 2682; x_wconf 88' lang='lat' dir='ltr'><strong><em>For</em></strong></span> <span class='ocrx_word' id='word_1_486' title='bbox 1825 2645 1925 2682; x_wconf 87' lang='lat' dir='ltr'><strong><em>later</em></strong></span> 
     </span>
     <span class='ocr_line' id='line_1_45' title="bbox 109 2701 1922 2754; baseline -0.001 -14"><span class='ocrx_word' id='word_1_487' title='bbox 109 2701 321 2753; x_wconf 90' lang='lat' dir='ltr'><strong><em>emphasis</em></strong></span> <span class='ocrx_word' id='word_1_488' title='bbox 343 2715 400 2740; x_wconf 92' lang='lat' dir='ltr'><strong><em>on</em></strong></span> <span class='ocrx_word' id='word_1_489' title='bbox 422 2707 605 2746; x_wconf 91' lang='lat' dir='ltr'><strong><em>consent,</em></strong></span> <span class='ocrx_word' id='word_1_490' title='bbox 629 2715 698 2740; x_wconf 90' lang='lat' dir='ltr'><strong><em>see</em></strong></span> <span class='ocrx_word' id='word_1_491' title='bbox 721 2702 950 2754; x_wconf 90' lang='lat' dir='ltr'><strong><em>Brundage,</em></strong></span> <span class='ocrx_word' id='word_1_492' title='bbox 973 2703 1137 2746; x_wconf 84' lang='lat'><strong><em>333-35,</em></strong></span> <span class='ocrx_word' id='word_1_493' title='bbox 1160 2703 1323 2746; x_wconf 83' lang='lat'><strong><em>352-55,</em></strong></span> <span class='ocrx_word' id='word_1_494' title='bbox 1346 2702 1429 2740; x_wconf 90' lang='lat' dir='ltr'><strong><em>and</em></strong></span> <span class='ocrx_word' id='word_1_495' title='bbox 1452 2702 1557 2749; x_wconf 91' lang='lat' dir='ltr'><strong><em>John</em></strong></span> <span class='ocrx_word' id='word_1_496' title='bbox 1580 2702 1621 2740; x_wconf 92' lang='lat' dir='ltr'><strong><em>T.</em></strong></span> <span class='ocrx_word' id='word_1_497' title='bbox 1646 2702 1839 2744; x_wconf 89' lang='lat' dir='ltr'><strong><em>Noonan,</em></strong></span> <span class='ocrx_word' id='word_1_498' title='bbox 1861 2702 1922 2748; x_wconf 90' lang='lat' dir='ltr'><strong><em>Jr.,</em></strong></span> 
     </span>
     <span class='ocr_line' id='line_1_46' title="bbox 109 2757 563 2796; baseline 0 0"><span class='ocrx_word' id='word_1_499' title='bbox 109 2757 282 2796; x_wconf 87' lang='lat' dir='ltr'><strong><em>“Power</em></strong></span> <span class='ocrx_word' id='word_1_500' title='bbox 298 2763 340 2796; x_wconf 91' lang='lat' dir='ltr'><strong><em>to</em></strong></span> <span class='ocrx_word' id='word_1_501' title='bbox 359 2758 563 2796; x_wconf 89' lang='lat' dir='ltr'><strong><em>Choose.&#39;&#39;</em></strong></span> 
     </span>
    </p>

    <p class='ocr_par' dir='ltr' id='par_1_8' title="bbox 110 2813 1924 3035">
     <span class='ocr_line' id='line_1_47' title="bbox 169 2813 1921 2866; baseline -0.001 -14"><span class='ocrx_word' id='word_1_502' title='bbox 169 2815 220 2852; x_wconf 80' lang='lat'><strong><em>48</em></strong></span> <span class='ocrx_word' id='word_1_503' title='bbox 239 2813 454 2853; x_wconf 85' lang='lat' dir='ltr'><strong><em>condicione</em></strong></span> <span class='ocrx_word' id='word_1_504' title='bbox 548 2818 585 2853; x_wconf 87' lang='lat' dir='ltr'><strong><em>et</em></strong></span> <span class='ocrx_word' id='word_1_505' title='bbox 604 2814 663 2853; x_wconf 88' lang='lat' dir='ltr'><strong><em>die</em></strong></span> <span class='ocrx_word' id='word_1_506' title='bbox 683 2815 863 2853; x_wconf 89' lang='lat' dir='ltr'><strong><em>remocius</em></strong></span> <span class='ocrx_word' id='word_1_507' title='bbox 882 2814 1104 2853; x_wconf 85' lang='lat' dir='ltr'><strong><em>amandatis:</em></strong></span> <span class='ocrx_word' id='word_1_508' title='bbox 1124 2815 1310 2866; x_wconf 87' lang='lat' dir='ltr'><strong><em>Gregory</em></strong></span> <span class='ocrx_word' id='word_1_509' title='bbox 1332 2815 1392 2859; x_wconf 84' lang='lat' dir='ltr'><strong><em>lx,</em></strong></span> <span class='ocrx_word' id='word_1_510' title='bbox 1412 2814 1623 2853; x_wconf 86' lang='lat' dir='ltr'><strong><em>Decretales</em></strong></span> <span class='ocrx_word' id='word_1_511' title='bbox 1642 2814 1738 2852; x_wconf 88' lang='lat'><strong><em>4.5.1</em></strong></span> <span class='ocrx_word' id='word_1_512' title='bbox 1765 2813 1921 2863; x_wconf 86' lang='lat'>(2.682):</span> 
     </span>
     <span class='ocr_line' id='line_1_48' title="bbox 110 2869 1924 2922; baseline -0.001 -13"><span class='ocrx_word' id='word_1_513' title='bbox 110 2869 332 2909; x_wconf 83' lang='lat' dir='ltr'><strong><em>“Defectus</em></strong></span> <span class='ocrx_word' id='word_1_514' title='bbox 366 2873 498 2922; x_wconf 88' lang='lat' dir='ltr'><strong><em>turpis</em></strong></span> <span class='ocrx_word' id='word_1_515' title='bbox 531 2871 794 2915; x_wconf 89' lang='lat' dir='ltr'><strong><em>conditionis,</em></strong></span> <span class='ocrx_word' id='word_1_516' title='bbox 827 2874 869 2909; x_wconf 92' lang='lat' dir='ltr'><strong><em>in</em></strong></span> <span class='ocrx_word' id='word_1_517' title='bbox 901 2877 1111 2909; x_wconf 91' lang='lat' dir='ltr'><strong><em>contractu</em></strong></span> <span class='ocrx_word' id='word_1_518' title='bbox 1145 2874 1394 2910; x_wconf 73' lang='lat' dir='ltr'><strong><em>matrimonii</em></strong></span> <span class='ocrx_word' id='word_1_519' title='bbox 1429 2873 1657 2922; x_wconf 86' lang='lat' dir='ltr'><strong><em>appositae,</em></strong></span> <span class='ocrx_word' id='word_1_520' title='bbox 1691 2883 1776 2908; x_wconf 90' lang='lat' dir='ltr'><strong><em>non</em></strong></span> <span class='ocrx_word' id='word_1_521' title='bbox 1810 2872 1924 2907; x_wconf 89' lang='lat' dir='ltr'><strong><em>vitiat</em></strong></span> 
     </span>
     <span class='ocr_line' id='line_1_49' title="bbox 111 2926 1923 2978; baseline -0.001 -13"><span class='ocrx_word' id='word_1_522' title='bbox 111 2928 434 2971; x_wconf 84' lang='lat' dir='ltr'><strong><em>matrimonium,</em></strong></span> <span class='ocrx_word' id='word_1_523' title='bbox 453 2927 528 2965; x_wconf 87' lang='lat' dir='ltr'><strong><em>sed</em></strong></span> <span class='ocrx_word' id='word_1_524' title='bbox 548 2929 724 2965; x_wconf 87' lang='lat' dir='ltr'><strong><em>vitiatur.</em></strong></span> <span class='ocrx_word' id='word_1_525' title='bbox 746 2927 807 2965; x_wconf 86' lang='lat' dir='ltr'><strong><em>Ex</em></strong></span> <span class='ocrx_word' id='word_1_526' title='bbox 827 2927 1086 2966; x_wconf 90' lang='lat' dir='ltr'><strong><em>CONCILIO</em></strong></span> <span class='ocrx_word' id='word_1_527' title='bbox 1106 2928 1390 2966; x_wconf 85' lang='lat' dir='ltr'><strong><em>AFRICANO.</em></strong></span> <span class='ocrx_word' id='word_1_528' title='bbox 1409 2928 1662 2978; x_wconf 89' lang='lat' dir='ltr'><strong><em>Quicunque</em></strong></span> <span class='ocrx_word' id='word_1_529' title='bbox 1681 2926 1761 2964; x_wconf 91' lang='lat' dir='ltr'><strong><em>sub</em></strong></span> <span class='ocrx_word' id='word_1_530' title='bbox 1780 2926 1923 2964; x_wconf 90' lang='lat' dir='ltr'><strong><em>condi-</em></strong></span> 
     </span>
     <span class='ocr_line' id='line_1_50' title="bbox 111 2983 1924 3035; baseline -0.001 -15"><span class='ocrx_word' id='word_1_531' title='bbox 111 2984 234 3020; x_wconf 91' lang='lat' dir='ltr'><strong><em>tionis</em></strong></span> <span class='ocrx_word' id='word_1_532' title='bbox 249 2985 420 3021; x_wconf 91' lang='lat' dir='ltr'><strong><em>nomine</em></strong></span> <span class='ocrx_word' id='word_1_533' title='bbox 435 2983 617 3034; x_wconf 90' lang='lat' dir='ltr'><strong><em>aliquam</em></strong></span> <span class='ocrx_word' id='word_1_534' title='bbox 633 2983 958 3034; x_wconf 88' lang='lat' dir='ltr'><strong><em>desponsaverit,</em></strong></span> <span class='ocrx_word' id='word_1_535' title='bbox 973 2989 1013 3021; x_wconf 90' lang='lat' dir='ltr'><strong><em>et</em></strong></span> <span class='ocrx_word' id='word_1_536' title='bbox 1027 2996 1119 3021; x_wconf 88' lang='lat' dir='ltr'><strong><em>eam</em></strong></span> <span class='ocrx_word' id='word_1_537' title='bbox 1137 2989 1279 3035; x_wconf 86' lang='lat' dir='ltr'><strong><em>postea</em></strong></span> <span class='ocrx_word' id='word_1_538' title='bbox 1296 2984 1526 3034; x_wconf 90' lang='lat' dir='ltr'><strong><em>relinquere</em></strong></span> <span class='ocrx_word' id='word_1_539' title='bbox 1542 2983 1729 3026; x_wconf 91' lang='lat' dir='ltr'><strong><em>voluerit,</em></strong></span> <span class='ocrx_word' id='word_1_540' title='bbox 1745 2983 1924 3020; x_wconf 90' lang='lat' dir='ltr'><strong><em>dicimus</em></strong></span> 
     </span>
    </p>
   </div>
   <div class='ocr_carea' id='block_1_4' title="bbox 110 3037 1923 3145">
    <p class='ocr_par' dir='ltr' id='par_1_9' title="bbox 110 3037 1923 3145">
     <span class='ocr_line' id='line_1_51' title="bbox 110 3037 1923 3145; baseline -0.001 -69"><span class='ocrx_word' id='word_1_541' title='bbox 110 3037 457 3145; x_wconf 40' lang='lat' dir='ltr'><strong><em>glatizgrangamr</em></strong></span> <span class='ocrx_word' id='word_1_542' title='bbox 470 3039 667 3083; x_wconf 86' lang='lat' dir='ltr'><strong><em>conditio,</em></strong></span> <span class='ocrx_word' id='word_1_543' title='bbox 682 3045 722 3076; x_wconf 92' lang='lat' dir='ltr'><strong><em>et</em></strong></span> <span class='ocrx_word' id='word_1_544' title='bbox 736 3039 1005 3091; x_wconf 90' lang='lat' dir='ltr'><strong><em>desponsatio</em></strong></span> <span class='ocrx_word' id='word_1_545' title='bbox 1022 3039 1350 3091; x_wconf 84' lang='lat' dir='ltr'><strong><em>irrefragabiliter</em></strong></span> <span class='ocrx_word' id='word_1_546' title='bbox 1364 3039 1586 3077; x_wconf 81' lang='lat' dir='ltr'><strong><em>teneatur.”</em></strong></span> <span class='ocrx_word' id='word_1_547' title='bbox 1604 3038 1666 3076; x_wconf 90' lang='lat' dir='ltr'><strong><em>Cf.</em></strong></span> <span class='ocrx_word' id='word_1_548' title='bbox 1685 3038 1809 3081; x_wconf 89' lang='lat' dir='ltr'><strong><em>idem,</em></strong></span> <span class='ocrx_word' id='word_1_549' title='bbox 1823 3038 1923 3075; x_wconf 89' lang='lat'><strong><em>4.5.6</em></strong></span> 
     </span>
    </p>
   </div>
  </div>
 </body>
</html>
