2132 3346
237 534 289 559 470

236 869 288 895 475

234 1873 286 1897 490

233 2208 285 2234 495

352 118 441 159 102
578 126 766 160 SERIUM
787 127 1092 160 SENECTUTIS

352 250 615 293 dileccionis
635 251 923 307 amplexibus
943 257 989 293 et
1008 251 1177 294 osculis
1197 251 1281 294 diu
1299 252 1520 308 fatigauit.

415 316 515 371 [30.]
536 317 627 359 Sed
650 317 732 359 ubi
753 323 947 359 ventum
970 319 1167 360 ciuitatis
1190 324 1259 360 est
1281 318 1342 360 ad
1366 324 1562 375 portam,
1585 321 1794 376 protinus
1818 321 2032 377 occupari

351 383 477 426 iubet
504 398 657 426 arcem
684 398 1030 441 puerorumque
1057 386 1276 427 maturari
1302 385 1427 427 iubet
1454 385 1579 428 fatali
1606 386 1726 428 ferro
1753 386 2031 430 fatalitatem.

351 451 458 502 Qui,
472 465 581 492 cum
597 465 733 493 suam
748 452 904 493 miseri
919 451 980 493 ad
997 457 1193 494 matrem
1207 451 1534 508 confugissent,
1550 453 1598 495 in
1613 454 1789 509 gremio
1805 454 2032 510 genitricis

351 518 468 559 inter
482 519 583 574 ipsa
599 517 890 560 lamentantis
906 518 1064 560 oscula
1080 518 1379 568 trucidantur,
1394 519 1705 576 proclamante
1719 520 2034 563 miserabiliter

350 585 563 641 Arsynoe
577 584 706 641 quod
723 590 904 627 tantum
918 584 1140 627 nubendo
1155 584 1284 627 nefas
1299 586 1597 628 contraxisset
1612 592 1691 628 aut
1706 592 1813 643 post
1826 587 2031 644 nupcias.

351 651 524 693 Crebro
550 666 600 693 se
625 666 712 708 pro
737 651 843 694 filiis
869 651 1015 694 libens
1041 651 1220 694 obicere
1245 652 1606 709 promptificauit
1631 646 2032 710 persecutoribus¹;

350 732 604 775 puerorum
617 718 909 776 frequencius
923 733 1011 761 suo
1024 733 1218 776 corpore
1229 733 1424 776 corpora
1438 721 1647 777 protexit,
1660 734 1714 763 ea
1727 720 2034 764 maternaliter

350 785 623 842 amplexata,
661 786 903 843 letaliaque
940 800 1031 843 que
1069 787 1165 829 suis
1203 787 1557 830 intendebantur
1594 787 1745 830 liberis
1782 787 2033 831 conabatur

350 853 558 909 excipere
578 852 764 895 wlnera.
785 852 876 895 Sed
897 858 942 895 et
964 853 1025 895 ad
1046 853 1264 896 ultimum
1284 853 1487 896 filiorum
1507 853 1744 897 funeribus
1765 854 1871 897 filiis
1892 854 2033 898 abho-

350 919 625 962 minabiliter
635 919 841 970 viduata,
854 919 1040 962 duobus
1053 920 1295 963 dumtaxat
1305 922 1520 963 comitata
1545 922 1553 978 Ι
1566 920 1642 963 21”’
1656 922 1663 978 Ι
1686 921 1882 964 seruulis
1893 927 1963 964 est
1974 921 2033 964 ab

349 986 463 1028 urbe
493 986 717 1028 violenter
747 987 904 1036 eiecta,
932 979 1371 1044 Samotraciamque²
1401 987 1716 1030 miserabiliter
1746 987 1868 1037 abiit,
1897 987 2032 1031 exilio

350 1054 534 1109 penitus
546 1053 813 1095 inexorabili
825 1053 1059 1103 destituta,
1070 1054 1171 1096 solo
1184 1054 1425 1096 dumtaxat
1436 1068 1492 1096 eo
1505 1055 1892 1097 miserabilissima
1903 1055 2031 1111 quod

349 1120 391 1161 ei
408 1120 505 1161 suis
523 1121 643 1161 mori
659 1133 756 1162 non
771 1120 897 1162 licuit
914 1134 1023 1162 cum
1040 1120 1161 1170 filiis,
1178 1120 1306 1177 quod
1325 1121 1411 1162 sibi
1427 1135 1614 1163 summo
1631 1121 1792 1163 fuisset
1809 1122 1906 1163 suis
1924 1127 2031 1164 tunc

350 1186 516 1228 talibus
536 1187 585 1228 in
603 1187 813 1243 suspiriis
834 1200 920 1243 pro
940 1186 1123 1229 solacio.

413 1252 513 1307 [31.]
535 1254 647 1295 Non
658 1258 815 1296 autem
827 1253 1065 1296 Ptolomeo
1077 1259 1144 1296 tot
1156 1255 1268 1310 ipsis
1281 1255 1427 1296 eciam
1439 1255 1634 1296 summis
1646 1254 2032 1297 abhominacioni-

348 1319 436 1362 bus
455 1319 812 1362 abhominabilia
831 1320 1001 1362 scelera
1019 1320 1148 1362 fuere
1166 1320 1348 1363 diucius
1367 1322 1590 1377 inpunita,
1608 1322 1716 1364 Ioue
1735 1327 1802 1364 tot
1820 1322 2032 1378 periuria,

349 1392 537 1443 tamque
552 1392 740 1429 cruenta
757 1401 840 1444 per
856 1386 1045 1429 fraudes
1062 1393 1322 1444 perpetrata
1339 1387 1565 1444 dolosque
1582 1388 1815 1444 paricidia,
1832 1388 2032 1445 denique

349 1453 491 1510 digna
521 1455 740 1511 prosequi
770 1460 961 1511 parante
990 1454 1207 1496 vindicta.
1238 1455 1421 1511 Nempe
1451 1468 1558 1497 cum
1587 1455 1707 1497 Galli
1737 1454 2032 1497 multitudine

349 1521 779 1578 superhabundanti
817 1535 903 1564 sua
941 1522 1006 1564 sic
1045 1521 1507 1578 superhabundarent
1545 1523 1593 1564 in
1631 1523 1790 1579 patria,
1827 1527 2032 1579 quotque

349 1594 569 1645 genuerat
582 1603 679 1631 non
691 1594 874 1645 caperet
888 1603 969 1631 eos
985 1594 1116 1638 terra,
1130 1603 1205 1631 ccc
1221 1589 1346 1631 milia
1360 1603 1553 1631 suorum
1567 1603 1714 1631 nouas
1731 1589 1891 1646 (apum
1905 1589 2032 1631 velut

348 1655 409 1697 ad
430 1656 589 1711 instar)
610 1655 670 1697 ad
691 1655 827 1697 sedes
846 1657 1040 1697 emisere
1059 1656 1146 1698 sibi
1164 1656 1436 1712 querendas.
1457 1657 1519 1698 Ex
1539 1656 1720 1712 quibus,
1739 1662 1791 1698 ut
1809 1656 1965 1705 fertur,
1984 1657 2032 1698 in

348 1722 492 1764 Ytalia
510 1736 617 1779 pars
635 1722 839 1779 quedam
856 1722 1080 1772 consedit,
1097 1737 1187 1779 que
1204 1723 1399 1765 Romam
1417 1723 1512 1764 suis
1530 1728 1840 1779 expugnatam
1856 1722 2030 1765 viribus

348 1789 564 1839 incendit;
590 1803 698 1846 pars
726 1795 883 1831 autem
909 1790 1039 1832 sinus
1066 1789 1284 1839 Ylliricos,
1312 1791 1515 1846 auguriis
1542 1790 1626 1832 iter
1652 1790 1717 1832 eis
1744 1790 1904 1832 auium
1930 1803 2031 1846 pre-

348 1848 711 1898 monstrantibus
737 1857 836 1913 (pre
859 1848 1040 1898 ceteris³
1062 1858 1186 1898 enim
1209 1857 1328 1899 Galli
1351 1857 1517 1898 studiis
1541 1857 1858 1913 augurizando
1882 1856 2031 1913 perhi-

348 1923 513 1966 bentur
546 1937 648 1966 esse
682 1924 923 1981 precipui),
956 1924 1257 1967 barbarorum
1292 1938 1374 1981 per
1407 1929 1580 1980 strages
1615 1925 1871 1980 penetrauit
1904 1929 1949 1966 et
1983 1924 2032 1966 in

348 1991 581 2032 Pannonia
601 1991 823 2033 consedit:
846 2005 958 2047 gens
980 1991 1132 2033 audax
1154 1997 1198 2033 et
1219 2005 1395 2048 aspera,
1416 2005 1554 2047 sagax
1575 1996 1619 2033 et
1640 1991 1784 2048 opido
1805 1991 2030 2033 bellicosa.

347 2058 452 2108 Que
467 2057 659 2114 quidem
674 2059 824 2114 prima
840 2063 947 2114 post
962 2058 1223 2107 Herculem,
1238 2059 1312 2100 cui
1327 2072 1399 2100 res
1415 2057 1580 2100 eadem
1595 2058 1777 2100 virtutis
1792 2057 2031 2100 admiraci-

347 2138 460 2166 ones
486 2124 916 2182 inmortalitatisque
942 2124 1088 2167 fidem
1113 2124 1218 2167 fecit
1244 2124 1487 2182 laudisque
1512 2125 1776 2182 procurauit
1802 2124 2031 2182 perpetui-

348 2197 477 2242 tates,
494 2191 705 2249 glaciales
721 2192 914 2249 Alpium
931 2192 1307 2249 scrupulositates
1324 2193 1523 2249 iugaque
1538 2192 1721 2249 iugibus
1738 2191 2030 2242 transcendit,

346 2259 588 2317 frigoribus
604 2265 867 2318 exasperata
881 2261 1151 2318 niuiumque
1165 2260 1530 2303 concrecionibus
1545 2259 1857 2302 ineuitabiliter
1871 2259 2027 2302 obsita.

347 2328 592 2369 Pannoniis
616 2328 770 2385 itaque
792 2327 1080 2385 perdomitis,
1103 2341 1248 2370 annos
1271 2341 1354 2385 per
1375 2327 1673 2385 quamplures
1696 2327 1921 2370 aduersus
1944 2326 2030 2369 sibi

347 2394 569 2437 finitimos
583 2395 701 2437 bella
714 2409 870 2452 gerere
883 2400 1249 2452 perseuerarunt.
1262 2395 1438 2438 Uerum
1451 2394 1656 2437 felicibus
1670 2394 1719 2437 id
1732 2394 1818 2437 sibi
1830 2394 2030 2451 denique

347 2462 699 2519 suggerentibus
734 2462 996 2519 crebrisque
1029 2462 1331 2512 successibus,
1366 2462 1612 2519 prediuisis
1647 2461 1920 2519 agminibus,
1955 2461 2030 2504 alii

345 2530 572 2579 Greciam,
603 2529 796 2586 quidam
827 2544 940 2572 uero
971 2529 1298 2572 Macedoniam
1328 2529 1508 2586 singula
1539 2529 1659 2572 ferro
1691 2533 2029 2586 prosternentes

347 2596 514 2638 adiere.

411 2663 510 2717 [32]
533 2664 704 2705 Tantus
722 2668 830 2706 tunc
847 2669 992 2705 terror
1006 2663 1168 2705 Gallici
1183 2664 1383 2705 nominis
1399 2664 1583 2705 emersit
1599 2668 1650 2705 ut
1665 2668 1709 2705 et
1725 2677 1820 2705 non
1835 2662 2029 2704 lacessiti

346 2744 476 2787 reges
513 2731 860 2787 patriarumque
908 2730 1021 2787 {22¹1
1069 2731 1298 2787 principes
1335 2730 1455 2772 ultro
1491 2730 1577 2772 sibi
1613 2743 1774 2787 pacem
1810 2729 2029 2786 peccunia

420 2952 431 2974 ¹
449 2957 726 3004 percussoribus
741 2957 849 3001 lustin

419 3007 433 3029 ²
448 3015 560 3048 Samo
576 3014 802 3061 traciamque
818 3015 841 3048 S

419 3063 434 3085 ³
449 3080 514 3117 pre
529 3070 670 3114 ceteris]
688 3070 882 3117 preceteris
898 3071 921 3104 S
