2132 3346
267 344 301 369 ³5

267 1011 302 1036 45

269 1680 304 1704 55

272 2686 306 2711 70

362 127 452 169 152
588 135 776 168 SERIUM
797 134 1102 168 SENECTUTIS

362 260 475 302 noui
489 260 600 301 iuris
615 273 670 301 ex
685 259 1063 316 promulgacione
1077 258 1261 315 pridem
1274 257 1411 300 fuerit
1424 263 1469 300 et
1484 257 1636 299 adhuc
1651 258 1709 299 sit
1723 271 1779 299 eo
1795 257 2045 299 decursum

362 326 490 384 quod
505 326 781 383 sponsalicia
794 325 978 382 largitas
995 325 1210 382 (donacio
1222 324 1436 367 videlicet
1448 330 1637 381 propter
1649 324 1858 381 nupcias)
1872 325 2045 381 specia-

362 393 417 436 lis
433 394 492 436 sit
505 397 766 435 contractus
782 392 1114 435 subsecucione
1127 391 1298 434 nullius
1313 392 1639 434 insinuacionis
1655 391 1855 447 indigus,
1869 390 1972 433 licet
1986 390 2046 433 ab

363 460 453 502 alio
481 460 670 502 nomine
697 460 786 501 uiri
814 459 896 501 fiat
923 459 1011 501 hoc
1041 464 1177 515 pacto
1205 458 1333 515 quod
1363 459 1554 500 maritus
1582 458 1710 500 velut
1737 459 1837 514 ipse
1865 457 2046 500 dederit

362 525 630 568 conscribat.

427 592 498 647 [3.]
520 593 705 649 Nempe
723 591 923 649 generali
939 592 1050 633 iuris
1068 605 1123 633 ex
1141 591 1445 640 institucione!
1461 590 1640 632 futuras
1657 595 1701 632 et
1719 591 1759 632 si
1775 589 2044 632 donacionis

363 665 468 702 ante
491 664 742 716 propterue
763 659 971 715 nupcias!
993 658 1070 700 uel
1093 657 1216 700 dotis
1239 658 1556 706 instrumenta!
1577 670 1812 713 pompaue
1835 655 2046 706 desuerit,

363 726 510 768 aliave
538 726 814 782 nupciarum
842 725 1078 767 celebritas
1107 724 1244 767 fuerit
1271 725 1457 773 omissa,
1484 723 1639 766 nullus
1668 723 1729 765 ob
1756 723 1805 765 id
1833 723 2046 765 estimare

364 793 501 835 debet
515 792 626 835 alias
641 793 754 835 inito
769 796 889 834 recte
903 792 1198 834 matrimonio
1212 790 1412 833 solidam
1425 790 1653 832 firmitatis
1668 789 1865 832 deficere
1878 789 2047 832 stabili-

363 865 519 909 tatem!
546 859 623 901 uel
650 858 802 901 liberis
831 872 886 900 ex
915 872 972 900 eo
1000 859 1118 900 natis
1147 857 1476 914 legittimorum
1504 858 1604 899 iura
1632 856 1770 899 talem
1797 870 1936 913 posse
1964 870 2046 913 per

363 928 654 969 occasionem
676 926 877 968 cautelas
901 925 1070 967 auferri
1093 939 1175 982 per
1197 924 1513 967 cauillatorias.
1537 925 1804 973 Honestate,
1826 923 2046 980 profecto,

364 1008 498 1051 pares
534 994 652 1036 inter
687 1006 924 1050 personaS,
959 992 1085 1034 nulla
1122 991 1222 1048 lege
1258 991 1556 1048 prepediente
1591 991 1882 1033 consorcium
1917 989 2046 1047 quod

363 1062 574 1118 ipsorum
587 1075 818 1103 consensu
830 1059 1119 1102 concorditer
1132 1065 1177 1102 et
1191 1060 1452 1101 animorum
1466 1058 1562 1101 fide
1574 1058 1711 1100 fuerit
1723 1057 1974 1107 firmatum,
1987 1057 2047 1099 de

363 1128 635 1170 condicione
675 1127 1000 1169 matrimoniali
1040 1126 1365 1183 perpetualiter
1403 1118 1502 1175 est,1
1543 1126 1718 1182 eritque
1757 1125 2047 1174 duraturum,

363 1195 635 1237 condicione
655 1194 857 1251 qualibet
875 1199 920 1235 et
941 1193 1017 1235 die
1036 1194 1264 1235 remocius
1285 1192 1542 1234 amandatis
1563 1206 1589 1234 a
1609 1192 1912 1248 perpetuitate
1930 1205 2047 1247 nup-

363 1262 466 1304 ciali
479 1260 875 1303 matrimonialiter
887 1261 1252 1302 coniunctorum.
1267 1260 1380 1301 Iuris
1395 1265 1439 1301 et
1453 1260 1577 1300 enim
1591 1260 1713 1300 racio
1726 1259 1802 1300 vix
1817 1257 2046 1300 variabilis

365 1327 736 1384 temporaliterve
754 1326 1064 1384 perfunctoria
1083 1326 1244 1368 solidis
1263 1331 1451 1367 actuum
1468 1325 1762 1367 condiciones
1781 1338 1877 1366 non
1893 1324 2047 1366 minus

364 1409 506 1451 quam
519 1394 619 1436 dies
631 1394 814 1450 longius
827 1393 1009 1449 abigere
1021 1398 1285 1449 perseuerat
1297 1407 1324 1434 a
1335 1392 1693 1448 perseueranciis
1706 1391 2046 1447 legittimorum.

364 1462 466 1503 Diei
478 1475 647 1517 nempe
659 1475 764 1502 sero
775 1465 1118 1502 consueuerunt
1131 1465 1259 1501 actus
1273 1458 1562 1500 associabiles
1575 1472 1675 1500 esse
1688 1457 1764 1499 uel
1775 1457 2047 1499 condicioni.

364 1528 618 1570 Triuialiter
633 1528 758 1570 enim
774 1527 1123 1584 propositorum
1140 1526 1323 1583 pridem
1339 1525 1425 1567 fuit
1441 1531 1486 1567 et
1503 1525 1654 1567 adhuc
1671 1530 1740 1567 est
1756 1529 1801 1566 et
1818 1525 1867 1566 in
1881 1537 2048 1581 appro-

364 1595 555 1637 bacione
568 1594 889 1643 solidatorum,
902 1593 1149 1651 legittimos
1164 1598 1291 1635 actus
1319 1592 1409 1649 139¹
1423 1593 1430 1649 Ι
1454 1591 1771 1634 vniuersaliter
1783 1596 1827 1633 et
1841 1590 1940 1633 dies
1953 1604 2049 1633 non

365 1663 519 1704 minus
549 1676 691 1719 quam
719 1661 1015 1703 condiciones
1044 1666 1089 1702 et
1118 1661 1352 1717 aspernari
1380 1660 1697 1701 contumacius
1725 1664 1770 1700 et
1799 1657 2049 1700 amandare

365 1730 608 1778 remocius,
622 1728 741 1770 adeo
754 1728 946 1785 quidem
959 1727 1087 1784 quod
1101 1728 1150 1769 in
1161 1732 1312 1769 totum
1324 1727 1548 1768 vicientur
1560 1726 1780 1782 temporis
1793 1725 2049 1766 adiectione

365 1796 441 1855 uel
458 1795 756 1838 condicionis.
776 1796 887 1838 Non
904 1809 1145 1851 nunquam
1163 1799 1331 1843 tamen!
1348 1799 1400 1835 ut
1419 1794 1529 1835 iuris
1548 1793 1708 1835 asserit
1725 1791 1977 1841 consultus,
1994 1805 2048 1833 ea

366 1878 507 1920 supra
527 1854 715 1920 scripta2
734 1863 868 1905 tacite
887 1863 1113 1919 recipiunt
1132 1867 1261 1904 actus
1280 1875 1371 1918 que
1389 1861 1561 1903 vicium
1581 1859 1794 1916 detegere
1813 1872 2050 1901 mansues·

365 1936 475 1974 cunt
494 1930 828 1988 comprehensa
849 1930 1085 1972 detectius.

430 1998 501 2053 [4.]
524 1999 708 2055 Nempe
724 1998 764 2040 si
780 1996 1117 2055 presencialiter
1133 2001 1321 2053 accepto
1337 1995 1508 2038 feratur
1523 1996 1565 2037 ei
1580 1995 1660 2051 qui
1675 1994 1764 2036 sub
1778 1993 2048 2036 condicione

366 2071 546 2108 tenetur
565 2066 673 2122 quia
693 2065 782 2107 sub
800 2064 1072 2107 condicione
1092 2064 1317 2121 promisit,
1337 2064 1398 2105 ita
1418 2062 1611 2104 demum
1630 2061 1743 2118 quid
1763 2061 1912 2117 egisse
1930 2059 2048 2102 facta

365 2133 599 2175 videbitur
613 2133 677 2175 sic
694 2132 999 2189 acceptilacio,
1014 2132 1054 2173 si
1069 2130 1355 2188 precedentis
1371 2130 1565 2172 extiterit
1580 2129 1876 2185 obligacionis
1891 2127 2049 2169 condi-

366 2201 438 2242 cio
467 2214 558 2257 que
590 2199 646 2256 (si
675 2199 949 2241 nominatim
979 2197 1415 2255 comprehendatur)
1447 2201 1634 2252 accepto
1663 2195 1848 2238 ferentis
1878 2193 2048 2236 nullius

367 2268 591 2309 momenti
620 2266 755 2309 faciet
785 2265 978 2308 effectus
1009 2265 1292 2307 intencionis.
1323 2263 1400 2306 Ad
1432 2263 1558 2306 idem
1588 2263 1697 2305 satis
1728 2276 1755 2304 a
1786 2262 2048 2319 propinquo

367 2334 627 2377 satisfacere
652 2334 839 2376 videtur
863 2332 992 2390 quod
1020 2332 1130 2375 alias
1157 2323 1362 2374 aliunde³
1389 2332 1450 2373 ait
1475 2331 1774 2387 iurisperitus.
1800 2330 1870 2371 Sic
1896 2329 2050 2385 itaque

367 2401 533 2444 scribit:
550 2401 629 2451 1111,
646 2402 685 2443 si
699 2400 838 2450 volet,
853 2401 1027 2442 Sticum
1044 2399 1121 2449 d‘o;
1136 2398 1451 2441 condicionale
1467 2399 1531 2439 sic
1547 2397 1721 2439 factum
1737 2396 1825 2438 tale
1840 2400 2050 2438 censetur

367 2482 468 2510 esse
485 2468 702 2525 legatum,
718 2481 814 2509 non
829 2467 957 2509 aliter
973 2467 1034 2508 ad
1050 2466 1270 2508 heredem
1287 2466 1579 2507 transitiuum
1594 2477 1735 2520 quam
1751 2464 1790 2504 si
1806 2463 2049 2519 legatarius

367 2535 578 2584 voluerit,
602 2535 817 2591 quamuis
843 2533 954 2576 alias
979 2533 1107 2590 quod
1133 2534 1231 2574 sine
1255 2532 1332 2574 tali
1358 2531 1543 2587 (scilicet
1567 2532 1606 2572 si
1629 2530 1769 2585 volet)
1795 2529 2050 2571 adiectione

368 2602 572 2658 legatum
589 2601 727 2643 fuerit
745 2600 805 2643 ad
825 2599 1045 2642 heredem
1063 2599 1266 2656 legatarii
1285 2599 1615 2640 transmittitur.
1635 2596 1777 2638 Aliud
1796 2597 1920 2638 enim
1938 2595 2048 2637 iuris

368 2674 437 2711 est
456 2670 495 2711 si
515 2668 628 2726 quid
650 2669 783 2710 tacite
802 2668 1102 2716 contineatur,
1123 2665 1249 2708 aliud
1270 2666 1309 2707 si
1327 2665 1479 2707 verbis
1500 2665 1708 2721 apercius
1728 2663 2020 2720 exprimatur.

432 2736 503 2791 [5.]
526 2737 670 2793 Atqui
693 2735 832 2778 nichil
856 2736 1047 2777 omnino
1072 2734 1237 2776 talibus
1262 2734 1310 2775 in
1333 2733 1541 2790 personis
1566 2731 1772 2789 quodam
1796 2731 1928 2787 quasi
1952 2730 2050 2772 iure

442 2960 454 2982 ¹
471 2975 551 2999 esse
568 2966 591 2999 S

442 3014 456 3037 ²
472 3021 604 3067 scripte
621 3022 643 3055 S

442 3071 456 3093 ³
472 3077 595 3112 aliuds
611 3078 634 3111 S
