<?xml version="1.0" encoding="UTF-8"?>
<!DOCTYPE html PUBLIC "-//W3C//DTD XHTML 1.0 Transitional//EN"
    "http://www.w3.org/TR/xhtml1/DTD/xhtml1-transitional.dtd">
<html xmlns="http://www.w3.org/1999/xhtml" xml:lang="en" lang="en">
 <head>
  <title>
</title>
<meta http-equiv="Content-Type" content="text/html;charset=utf-8" />
  <meta name='ocr-system' content='tesseract 3.04.00' />
  <meta name='ocr-capabilities' content='ocr_page ocr_carea ocr_par ocr_line ocrx_word'/>
</head>
<body>
  <div class='ocr_page' id='page_1' title='image "./seriumsenectutis00eliauoft_0148.png"; bbox 0 0 2132 3346; ppageno 0'>
   <div class='ocr_carea' id='block_1_1' title="bbox 243 501 294 526">
    <p class='ocr_par' dir='ltr' id='par_1_1' title="bbox 243 501 294 526">
     <span class='ocr_line' id='line_1_1' title="bbox 243 501 294 526; baseline 0 0"><span class='ocrx_word' id='word_1_1' title='bbox 243 501 294 526; x_wconf 78' lang='lat'><strong>240</strong></span> 
     </span>
    </p>
   </div>
   <div class='ocr_carea' id='block_1_2' title="bbox 243 835 294 860">
    <p class='ocr_par' dir='ltr' id='par_1_2' title="bbox 243 835 294 860">
     <span class='ocr_line' id='line_1_2' title="bbox 243 835 294 860; baseline 0 0"><span class='ocrx_word' id='word_1_2' title='bbox 243 835 294 860; x_wconf 72' lang='lat'><strong>245</strong></span> 
     </span>
    </p>
   </div>
   <div class='ocr_carea' id='block_1_3' title="bbox 245 1840 296 1865">
    <p class='ocr_par' dir='ltr' id='par_1_3' title="bbox 245 1840 296 1865">
     <span class='ocr_line' id='line_1_3' title="bbox 245 1840 296 1865; baseline -0.02 0"><span class='ocrx_word' id='word_1_3' title='bbox 245 1840 296 1865; x_wconf 87' lang='lat'><strong>260</strong></span> 
     </span>
    </p>
   </div>
   <div class='ocr_carea' id='block_1_4' title="bbox 246 2173 296 2198">
    <p class='ocr_par' dir='ltr' id='par_1_4' title="bbox 246 2173 296 2198">
     <span class='ocr_line' id='line_1_4' title="bbox 246 2173 296 2198; baseline 0 0"><span class='ocrx_word' id='word_1_4' title='bbox 246 2173 296 2198; x_wconf 81' lang='lat'><strong>265</strong></span> 
     </span>
    </p>
   </div>
   <div class='ocr_carea' id='block_1_5' title="bbox 246 2511 297 2536">
    <p class='ocr_par' dir='ltr' id='par_1_5' title="bbox 246 2511 297 2536">
     <span class='ocr_line' id='line_1_5' title="bbox 246 2511 297 2536; baseline 0 0"><span class='ocrx_word' id='word_1_5' title='bbox 246 2511 297 2536; x_wconf 88' lang='grc'><strong>270</strong></span> 
     </span>
    </p>
   </div>
   <div class='ocr_carea' id='block_1_6' title="bbox 355 151 1095 192">
    <p class='ocr_par' dir='ltr' id='par_1_6' title="bbox 355 151 1095 192">
     <span class='ocr_line' id='line_1_6' title="bbox 355 151 1095 192; baseline -0.001 0"><span class='ocrx_word' id='word_1_6' title='bbox 355 151 445 192; x_wconf 84' lang='grc'><strong>132</strong></span> <span class='ocrx_word' id='word_1_7' title='bbox 581 158 769 192; x_wconf 88' lang='lat' dir='ltr'><strong>SERIUM</strong></span> <span class='ocrx_word' id='word_1_8' title='bbox 790 158 1095 192; x_wconf 87' lang='lat' dir='ltr'><strong>SENECTUTIS</strong></span> 
     </span>
    </p>
   </div>
   <div class='ocr_carea' id='block_1_7' title="bbox 354 283 2041 2618">
    <p class='ocr_par' dir='ltr' id='par_1_7' title="bbox 354 283 2039 1127">
     <span class='ocr_line' id='line_1_7' title="bbox 354 283 2036 340; baseline -0.001 -15"><span class='ocrx_word' id='word_1_9' title='bbox 354 284 435 340; x_wconf 84' lang='lat' dir='ltr'><strong>qui</strong></span> <span class='ocrx_word' id='word_1_10' title='bbox 467 297 563 325; x_wconf 92' lang='lat' dir='ltr'><strong>non</strong></span> <span class='ocrx_word' id='word_1_11' title='bbox 596 283 780 325; x_wconf 83' lang='lat' dir='ltr'><strong>dubites</strong></span> <span class='ocrx_word' id='word_1_12' title='bbox 814 284 862 325; x_wconf 90' lang='lat' dir='ltr'><strong>in</strong></span> <span class='ocrx_word' id='word_1_13' title='bbox 894 283 1197 325; x_wconf 86' lang='lat' dir='ltr'><strong>sermonibus.</strong></span> <span class='ocrx_word' id='word_1_14' title='bbox 1232 284 1375 339; x_wconf 87' lang='lat' dir='ltr'><strong>Atqui</strong></span> <span class='ocrx_word' id='word_1_15' title='bbox 1406 296 1566 324; x_wconf 87' lang='lat' dir='ltr'><strong>veram</strong></span> <span class='ocrx_word' id='word_1_16' title='bbox 1598 296 1706 324; x_wconf 93' lang='lat' dir='ltr'><strong>vere</strong></span> <span class='ocrx_word' id='word_1_17' title='bbox 1738 283 1920 324; x_wconf 91' lang='lat' dir='ltr'><strong>virtutis</strong></span> <span class='ocrx_word' id='word_1_18' title='bbox 1954 296 2036 339; x_wconf 93' lang='lat' dir='ltr'><strong>per</strong></span> 
     </span>
     <span class='ocr_line' id='line_1_8' title="bbox 355 348 2037 407; baseline -0.001 -15"><span class='ocrx_word' id='word_1_19' title='bbox 355 351 616 407; x_wconf 84' lang='lat' dir='ltr'><strong>potenciam</strong></span> <span class='ocrx_word' id='word_1_20' title='bbox 641 363 761 406; x_wconf 92' lang='lat' dir='ltr'><strong>pane</strong></span> <span class='ocrx_word' id='word_1_21' title='bbox 784 350 988 406; x_wconf 91' lang='lat' dir='ltr'><strong>vinoque</strong></span> <span class='ocrx_word' id='word_1_22' title='bbox 1012 349 1072 391; x_wconf 91' lang='lat' dir='ltr'><strong>de</strong></span> <span class='ocrx_word' id='word_1_23' title='bbox 1097 354 1215 391; x_wconf 89' lang='lat' dir='ltr'><strong>terra</strong></span> <span class='ocrx_word' id='word_1_24' title='bbox 1239 348 1477 406; x_wconf 89' lang='lat' dir='ltr'><strong>productis</strong></span> <span class='ocrx_word' id='word_1_25' title='bbox 1501 354 1546 390; x_wconf 93' lang='lat' dir='ltr'><strong>et</strong></span> <span class='ocrx_word' id='word_1_26' title='bbox 1570 348 1673 390; x_wconf 91' lang='lat' dir='ltr'><strong>oleo</strong></span> <span class='ocrx_word' id='word_1_27' title='bbox 1697 348 2037 398; x_wconf 88' lang='lat' dir='ltr'><strong>saturabuntur,</strong></span> 
     </span>
     <span class='ocr_line' id='line_1_9' title="bbox 355 415 2035 474; baseline -0.001 -15"><span class='ocrx_word' id='word_1_28' title='bbox 355 418 513 474; x_wconf 88' lang='lat' dir='ltr'><strong>eisque</strong></span> <span class='ocrx_word' id='word_1_29' title='bbox 547 417 777 458; x_wconf 85' lang='lat' dir='ltr'><strong>saciantur</strong></span> <span class='ocrx_word' id='word_1_30' title='bbox 810 416 933 473; x_wconf 88' lang='lat' dir='ltr'><strong>ligna</strong></span> <span class='ocrx_word' id='word_1_31' title='bbox 966 417 1119 473; x_wconf 91' lang='lat' dir='ltr'><strong>campi</strong></span> <span class='ocrx_word' id='word_1_32' title='bbox 1151 415 1369 472; x_wconf 89' lang='lat' dir='ltr'><strong>cedrique</strong></span> <span class='ocrx_word' id='word_1_33' title='bbox 1402 415 1560 457; x_wconf 89' lang='lat' dir='ltr'><strong>Libani</strong></span> <span class='ocrx_word' id='word_1_34' title='bbox 1593 429 1688 457; x_wconf 87' lang='lat' dir='ltr'><strong>non</strong></span> <span class='ocrx_word' id='word_1_35' title='bbox 1719 415 1919 472; x_wconf 90' lang='lat' dir='ltr'><strong>quelibet</strong></span> <span class='ocrx_word' id='word_1_36' title='bbox 1951 415 2035 457; x_wconf 91' lang='lat' dir='ltr'><strong>sed</strong></span> 
     </span>
     <span class='ocr_line' id='line_1_10' title="bbox 355 476 2036 541; baseline -0.001 -15"><span class='ocrx_word' id='word_1_37' title='bbox 355 476 488 541; x_wconf 87' lang='lat' dir='ltr'><strong>quas1</strong></span> <span class='ocrx_word' id='word_1_38' title='bbox 513 484 717 526; x_wconf 89' lang='lat' dir='ltr'><strong>numinis</strong></span> <span class='ocrx_word' id='word_1_39' title='bbox 741 484 790 525; x_wconf 90' lang='lat' dir='ltr'><strong>in</strong></span> <span class='ocrx_word' id='word_1_40' title='bbox 813 482 910 525; x_wconf 85' lang='lat' dir='ltr'><strong>fide</strong></span> <span class='ocrx_word' id='word_1_41' title='bbox 933 483 1159 540; x_wconf 89' lang='lat' dir='ltr'><strong>plantauit</strong></span> <span class='ocrx_word' id='word_1_42' title='bbox 1182 483 1393 540; x_wconf 91' lang='lat' dir='ltr'><strong>potencia</strong></span> <span class='ocrx_word' id='word_1_43' title='bbox 1418 482 1576 524; x_wconf 90' lang='lat' dir='ltr'><strong>diuini.</strong></span> <span class='ocrx_word' id='word_1_44' title='bbox 1601 482 1934 524; x_wconf 89' lang='lat' dir='ltr'><strong>Saturabuntur</strong></span> <span class='ocrx_word' id='word_1_45' title='bbox 1956 483 2036 532; x_wconf 86' lang='lat' dir='ltr'><strong>eis,</strong></span> 
     </span>
     <span class='ocr_line' id='line_1_11' title="bbox 355 548 2037 608; baseline -0.002 -14"><span class='ocrx_word' id='word_1_46' title='bbox 355 552 559 608; x_wconf 92' lang='lat' dir='ltr'><strong>inquam,</strong></span> <span class='ocrx_word' id='word_1_47' title='bbox 579 550 702 607; x_wconf 88' lang='lat' dir='ltr'><strong>ligna</strong></span> <span class='ocrx_word' id='word_1_48' title='bbox 723 551 877 607; x_wconf 89' lang='lat' dir='ltr'><strong>campi</strong></span> <span class='ocrx_word' id='word_1_49' title='bbox 900 550 1074 607; x_wconf 90' lang='lat' dir='ltr'><strong>(plebes</strong></span> <span class='ocrx_word' id='word_1_50' title='bbox 1095 549 1309 592; x_wconf 92' lang='lat' dir='ltr'><strong>videlicet</strong></span> <span class='ocrx_word' id='word_1_51' title='bbox 1329 549 1634 606; x_wconf 88' lang='lat' dir='ltr'><strong>humilesque)</strong></span> <span class='ocrx_word' id='word_1_52' title='bbox 1658 550 1800 606; x_wconf 91' lang='lat' dir='ltr'><strong>prius,</strong></span> <span class='ocrx_word' id='word_1_53' title='bbox 1819 548 2037 606; x_wconf 89' lang='lat' dir='ltr'><strong>cedrique</strong></span> 
     </span>
     <span class='ocr_line' id='line_1_12' title="bbox 358 616 2037 675; baseline -0.001 -15"><span class='ocrx_word' id='word_1_54' title='bbox 358 618 585 675; x_wconf 88' lang='lat' dir='ltr'><strong>(potentes</strong></span> <span class='ocrx_word' id='word_1_55' title='bbox 604 619 652 660; x_wconf 94' lang='lat' dir='ltr'><strong>in</strong></span> <span class='ocrx_word' id='word_1_56' title='bbox 668 617 825 660; x_wconf 85' lang='lat' dir='ltr'><strong>seculo</strong></span> <span class='ocrx_word' id='word_1_57' title='bbox 842 617 1028 673; x_wconf 89' lang='lat' dir='ltr'><strong>scilicet)</strong></span> <span class='ocrx_word' id='word_1_58' title='bbox 1047 617 1290 674; x_wconf 88' lang='lat' dir='ltr'><strong>posterius.</strong></span> <span class='ocrx_word' id='word_1_59' title='bbox 1307 617 1491 673; x_wconf 89' lang='lat' dir='ltr'><strong>Nempe</strong></span> <span class='ocrx_word' id='word_1_60' title='bbox 1508 617 1636 673; x_wconf 88' lang='lat' dir='ltr'><strong>prius</strong></span> <span class='ocrx_word' id='word_1_61' title='bbox 1654 616 1876 673; x_wconf 85' lang='lat' dir='ltr'><strong>ignobiles</strong></span> <span class='ocrx_word' id='word_1_62' title='bbox 1893 630 1921 658; x_wconf 90' lang='lat' dir='ltr'><strong>a</strong></span> <span class='ocrx_word' id='word_1_63' title='bbox 1936 616 2037 658; x_wconf 91' lang='lat' dir='ltr'><strong>Deo</strong></span> 
     </span>
     <span class='ocr_line' id='line_1_13' title="bbox 356 683 2037 740; baseline -0.002 -13"><span class='ocrx_word' id='word_1_64' title='bbox 356 690 464 727; x_wconf 88' lang='lat' dir='ltr'><strong>sunt</strong></span> <span class='ocrx_word' id='word_1_65' title='bbox 496 684 627 727; x_wconf 91' lang='lat' dir='ltr'><strong>electi</strong></span> <span class='ocrx_word' id='word_1_66' title='bbox 660 684 1014 740; x_wconf 91' lang='lat' dir='ltr'><strong>seculariterque</strong></span> <span class='ocrx_word' id='word_1_67' title='bbox 1046 683 1411 739; x_wconf 88' lang='lat' dir='ltr'><strong>contemptibiles</strong></span> <span class='ocrx_word' id='word_1_68' title='bbox 1445 697 1586 739; x_wconf 88' lang='lat' dir='ltr'><strong>quam</strong></span> <span class='ocrx_word' id='word_1_69' title='bbox 1619 683 1775 725; x_wconf 92' lang='lat' dir='ltr'><strong>seculo</strong></span> <span class='ocrx_word' id='word_1_70' title='bbox 1808 683 2037 739; x_wconf 90' lang='lat' dir='ltr'><strong>sapientes</strong></span> 
     </span>
     <span class='ocr_line' id='line_1_14' title="bbox 355 749 2038 806; baseline -0.002 -13"><span class='ocrx_word' id='word_1_71' title='bbox 355 751 650 793; x_wconf 85' lang='lat' dir='ltr'><strong>nobilitateve</strong></span> <span class='ocrx_word' id='word_1_72' title='bbox 676 765 798 792; x_wconf 88' lang='lat' dir='ltr'><strong>vana</strong></span> <span class='ocrx_word' id='word_1_73' title='bbox 825 755 1133 792; x_wconf 89' lang='lat' dir='ltr'><strong>contumaces.</strong></span> <span class='ocrx_word' id='word_1_74' title='bbox 1162 749 1302 791; x_wconf 92' lang='lat' dir='ltr'><strong>Cedri</strong></span> <span class='ocrx_word' id='word_1_75' title='bbox 1329 749 1520 806; x_wconf 89' lang='lat' dir='ltr'><strong>quidem</strong></span> <span class='ocrx_word' id='word_1_76' title='bbox 1560 749 1672 806; x_wconf 71' lang='lat'><strong>{32¹1</strong></span> <span class='ocrx_word' id='word_1_77' title='bbox 1712 749 2038 791; x_wconf 87' lang='lat' dir='ltr'><strong>saturabuntur</strong></span> 
     </span>
     <span class='ocr_line' id='line_1_15' title="bbox 356 815 2037 872; baseline -0.001 -13"><span class='ocrx_word' id='word_1_78' title='bbox 356 817 527 867; x_wconf 90' lang='lat' dir='ltr'><strong>Libani,</strong></span> <span class='ocrx_word' id='word_1_79' title='bbox 562 817 778 859; x_wconf 90' lang='lat' dir='ltr'><strong>videlicet</strong></span> <span class='ocrx_word' id='word_1_80' title='bbox 813 818 862 859; x_wconf 91' lang='lat' dir='ltr'><strong>in</strong></span> <span class='ocrx_word' id='word_1_81' title='bbox 897 816 993 858; x_wconf 85' lang='lat' dir='ltr'><strong>fide</strong></span> <span class='ocrx_word' id='word_1_82' title='bbox 1028 816 1275 858; x_wconf 87' lang='lat' dir='ltr'><strong>candidati.</strong></span> <span class='ocrx_word' id='word_1_83' title='bbox 1312 817 1495 872; x_wconf 92' lang='lat' dir='ltr'><strong>Nempe</strong></span> <span class='ocrx_word' id='word_1_84' title='bbox 1531 815 1728 857; x_wconf 89' lang='lat' dir='ltr'><strong>Libanus</strong></span> <span class='ocrx_word' id='word_1_85' title='bbox 1765 815 2037 857; x_wconf 89' lang='lat' dir='ltr'><strong>candidacio</strong></span> 
     </span>
     <span class='ocr_line' id='line_1_16' title="bbox 356 882 2039 941; baseline -0.001 -15"><span class='ocrx_word' id='word_1_86' title='bbox 356 884 588 941; x_wconf 90' lang='lat' dir='ltr'><strong>peribetur</strong></span> <span class='ocrx_word' id='word_1_87' title='bbox 608 884 907 940; x_wconf 90' lang='lat' dir='ltr'><strong>interpretari.</strong></span> <span class='ocrx_word' id='word_1_88' title='bbox 927 884 998 925; x_wconf 91' lang='lat' dir='ltr'><strong>Sic</strong></span> <span class='ocrx_word' id='word_1_89' title='bbox 1019 884 1157 939; x_wconf 89' lang='lat' dir='ltr'><strong>igitur</strong></span> <span class='ocrx_word' id='word_1_90' title='bbox 1177 884 1225 925; x_wconf 91' lang='lat' dir='ltr'><strong>in</strong></span> <span class='ocrx_word' id='word_1_91' title='bbox 1243 882 1331 925; x_wconf 90' lang='lat' dir='ltr'><strong>hiis</strong></span> <span class='ocrx_word' id='word_1_92' title='bbox 1352 883 1469 924; x_wconf 90' lang='lat' dir='ltr'><strong>sicut</strong></span> <span class='ocrx_word' id='word_1_93' title='bbox 1488 888 1533 924; x_wconf 92' lang='lat' dir='ltr'><strong>et</strong></span> <span class='ocrx_word' id='word_1_94' title='bbox 1554 883 1602 924; x_wconf 92' lang='lat' dir='ltr'><strong>in</strong></span> <span class='ocrx_word' id='word_1_95' title='bbox 1620 882 1838 939; x_wconf 88' lang='lat' dir='ltr'><strong>predictis</strong></span> <span class='ocrx_word' id='word_1_96' title='bbox 1858 886 2039 924; x_wconf 83' lang='lat' dir='ltr'><strong>sensate</strong></span> 
     </span>
     <span class='ocr_line' id='line_1_17' title="bbox 355 948 2038 1007; baseline -0.002 -14"><span class='ocrx_word' id='word_1_97' title='bbox 355 951 432 993; x_wconf 91' lang='lat' dir='ltr'><strong>uel</strong></span> <span class='ocrx_word' id='word_1_98' title='bbox 443 951 618 1007; x_wconf 91' lang='lat' dir='ltr'><strong>aliquid</strong></span> <span class='ocrx_word' id='word_1_99' title='bbox 630 956 699 993; x_wconf 90' lang='lat' dir='ltr'><strong>est</strong></span> <span class='ocrx_word' id='word_1_100' title='bbox 711 950 1009 992; x_wconf 89' lang='lat' dir='ltr'><strong>adiciendum</strong></span> <span class='ocrx_word' id='word_1_101' title='bbox 1021 949 1532 1006; x_wconf 88' lang='lat' dir='ltr'><strong>subintelligendumve,</strong></span> <span class='ocrx_word' id='word_1_102' title='bbox 1543 963 1637 1005; x_wconf 91' lang='lat' dir='ltr'><strong>quo</strong></span> <span class='ocrx_word' id='word_1_103' title='bbox 1649 948 2038 1005; x_wconf 87' lang='lat' dir='ltr'><strong>subintelligencia</strong></span> 
     </span>
     <span class='ocr_line' id='line_1_18' title="bbox 355 1015 2038 1075; baseline -0.002 -15"><span class='ocrx_word' id='word_1_104' title='bbox 355 1019 636 1075; x_wconf 84' lang='lat' dir='ltr'><strong>competenti</strong></span> <span class='ocrx_word' id='word_1_105' title='bbox 646 1017 882 1074; x_wconf 87' lang='lat' dir='ltr'><strong>redigatur</strong></span> <span class='ocrx_word' id='word_1_106' title='bbox 893 1017 954 1059; x_wconf 92' lang='lat' dir='ltr'><strong>ad</strong></span> <span class='ocrx_word' id='word_1_107' title='bbox 965 1017 1245 1059; x_wconf 89' lang='lat' dir='ltr'><strong>conueniens</strong></span> <span class='ocrx_word' id='word_1_108' title='bbox 1256 1016 1384 1073; x_wconf 93' lang='lat' dir='ltr'><strong>quod</strong></span> <span class='ocrx_word' id='word_1_109' title='bbox 1397 1015 1640 1072; x_wconf 81' lang='lat' dir='ltr'><strong>superficie</strong></span> <span class='ocrx_word' id='word_1_110' title='bbox 1650 1021 1783 1058; x_wconf 88' lang='lat' dir='ltr'><strong>tenus</strong></span> <span class='ocrx_word' id='word_1_111' title='bbox 1795 1015 2038 1058; x_wconf 92' lang='lat' dir='ltr'><strong>abhorrere</strong></span> 
     </span>
     <span class='ocr_line' id='line_1_19' title="bbox 355 1084 916 1127; baseline -0.002 0"><span class='ocrx_word' id='word_1_112' title='bbox 355 1084 542 1127; x_wconf 91' lang='lat' dir='ltr'><strong>videtur</strong></span> <span class='ocrx_word' id='word_1_113' title='bbox 561 1099 587 1127; x_wconf 92' lang='lat' dir='ltr'><strong>a</strong></span> <span class='ocrx_word' id='word_1_114' title='bbox 606 1084 916 1127; x_wconf 91' lang='lat' dir='ltr'><strong>convenienci.</strong></span> 
     </span>
    </p>

    <p class='ocr_par' dir='ltr' id='par_1_8' title="bbox 357 1149 2040 2146">
     <span class='ocr_line' id='line_1_20' title="bbox 420 1149 2038 1207; baseline -0.002 -14"><span class='ocrx_word' id='word_1_115' title='bbox 420 1151 520 1206; x_wconf 89' lang='lat'>[16.]</span> <span class='ocrx_word' id='word_1_116' title='bbox 543 1151 852 1193; x_wconf 89' lang='lat' dir='ltr'><strong>Plurimorum</strong></span> <span class='ocrx_word' id='word_1_117' title='bbox 878 1156 1084 1207; x_wconf 88' lang='lat' dir='ltr'><strong>preterea</strong></span> <span class='ocrx_word' id='word_1_118' title='bbox 1108 1150 1406 1207; x_wconf 90' lang='lat' dir='ltr'><strong>quamplures</strong></span> <span class='ocrx_word' id='word_1_119' title='bbox 1432 1151 1591 1199; x_wconf 91' lang='lat' dir='ltr'><strong>eciam,</strong></span> <span class='ocrx_word' id='word_1_120' title='bbox 1615 1150 1731 1191; x_wconf 91' lang='lat' dir='ltr'><strong>sicut</strong></span> <span class='ocrx_word' id='word_1_121' title='bbox 1756 1155 1801 1190; x_wconf 92' lang='lat' dir='ltr'><strong>et</strong></span> <span class='ocrx_word' id='word_1_122' title='bbox 1825 1149 2038 1205; x_wconf 86' lang='lat' dir='ltr'><strong>superius</strong></span> 
     </span>
     <span class='ocr_line' id='line_1_21' title="bbox 357 1215 2040 1276; baseline -0.002 -16"><span class='ocrx_word' id='word_1_123' title='bbox 357 1220 516 1276; x_wconf 90' lang='lat' dir='ltr'><strong>paucis</strong></span> <span class='ocrx_word' id='word_1_124' title='bbox 535 1224 605 1260; x_wconf 90' lang='lat' dir='ltr'><strong>est</strong></span> <span class='ocrx_word' id='word_1_125' title='bbox 623 1223 927 1275; x_wconf 84' lang='lat' dir='ltr'><strong>pretaxatum,</strong></span> <span class='ocrx_word' id='word_1_126' title='bbox 947 1217 1086 1274; x_wconf 88' lang='lat' dir='ltr'><strong>digne</strong></span> <span class='ocrx_word' id='word_1_127' title='bbox 1105 1231 1200 1259; x_wconf 89' lang='lat' dir='ltr'><strong>non</strong></span> <span class='ocrx_word' id='word_1_128' title='bbox 1218 1218 1371 1259; x_wconf 89' lang='lat' dir='ltr'><strong>minus</strong></span> <span class='ocrx_word' id='word_1_129' title='bbox 1389 1231 1531 1273; x_wconf 89' lang='lat' dir='ltr'><strong>quam</strong></span> <span class='ocrx_word' id='word_1_130' title='bbox 1549 1215 1974 1258; x_wconf 89' lang='lat' dir='ltr'><strong>commendabiliter</strong></span> <span class='ocrx_word' id='word_1_131' title='bbox 1991 1216 2040 1257; x_wconf 92' lang='lat' dir='ltr'><strong>in</strong></span> 
     </span>
     <span class='ocr_line' id='line_1_22' title="bbox 357 1275 2039 1342; baseline -0.002 -15"><span class='ocrx_word' id='word_1_132' title='bbox 357 1285 651 1342; x_wconf 87' lang='lat' dir='ltr'><strong>philosophia</strong></span> <span class='ocrx_word' id='word_1_133' title='bbox 676 1284 966 1341; x_wconf 92' lang='lat' dir='ltr'><strong>preditorum</strong></span> <span class='ocrx_word' id='word_1_134' title='bbox 992 1275 1252 1340; x_wconf 86' lang='lat' dir='ltr'><strong>denigrare²</strong></span> <span class='ocrx_word' id='word_1_135' title='bbox 1276 1297 1372 1325; x_wconf 91' lang='lat' dir='ltr'><strong>non</strong></span> <span class='ocrx_word' id='word_1_136' title='bbox 1394 1283 1719 1325; x_wconf 90' lang='lat' dir='ltr'><strong>verecundaris</strong></span> <span class='ocrx_word' id='word_1_137' title='bbox 1745 1283 2039 1331; x_wconf 68' lang='lat' dir='ltr'><strong>asserciones,</strong></span> 
     </span>
     <span class='ocr_line' id='line_1_23' title="bbox 357 1350 2039 1409; baseline -0.002 -15"><span class='ocrx_word' id='word_1_138' title='bbox 357 1354 701 1409; x_wconf 90' lang='lat' dir='ltr'><strong>autenticasque</strong></span> <span class='ocrx_word' id='word_1_139' title='bbox 733 1366 829 1394; x_wconf 90' lang='lat' dir='ltr'><strong>non</strong></span> <span class='ocrx_word' id='word_1_140' title='bbox 860 1353 1015 1393; x_wconf 90' lang='lat' dir='ltr'><strong>minus</strong></span> <span class='ocrx_word' id='word_1_141' title='bbox 1047 1351 1340 1393; x_wconf 89' lang='lat' dir='ltr'><strong>locucionum</strong></span> <span class='ocrx_word' id='word_1_142' title='bbox 1372 1350 1662 1399; x_wconf 90' lang='lat' dir='ltr'><strong>luculencias,</strong></span> <span class='ocrx_word' id='word_1_143' title='bbox 1694 1350 2039 1405; x_wconf 90' lang='lat' dir='ltr'><strong>autenticosque</strong></span> 
     </span>
     <span class='ocr_line' id='line_1_24' title="bbox 357 1409 2038 1473; baseline -0.002 -11"><span class='ocrx_word' id='word_1_144' title='bbox 357 1419 698 1462; x_wconf 90' lang='lat' dir='ltr'><strong>sermocinandi</strong></span> <span class='ocrx_word' id='word_1_145' title='bbox 710 1419 880 1461; x_wconf 90' lang='lat' dir='ltr'><strong>modos</strong></span> <span class='ocrx_word' id='word_1_146' title='bbox 893 1418 1193 1460; x_wconf 87' lang='lat' dir='ltr'><strong>ethnicorum.</strong></span> <span class='ocrx_word' id='word_1_147' title='bbox 1208 1409 1358 1460; x_wconf 88' lang='lat' dir='ltr'><strong>Circa³</strong></span> <span class='ocrx_word' id='word_1_148' title='bbox 1372 1417 1722 1459; x_wconf 89' lang='lat' dir='ltr'><strong>matrimonialia</strong></span> <span class='ocrx_word' id='word_1_149' title='bbox 1735 1416 1926 1473; x_wconf 91' lang='lat' dir='ltr'><strong>quidem</strong></span> <span class='ocrx_word' id='word_1_150' title='bbox 1938 1429 2038 1458; x_wconf 88' lang='lat' dir='ltr'><strong>mas</strong></span> 
     </span>
     <span class='ocr_line' id='line_1_25' title="bbox 357 1483 2039 1541; baseline -0.002 -12"><span class='ocrx_word' id='word_1_151' title='bbox 357 1488 668 1529; x_wconf 90' lang='lat' dir='ltr'><strong>maturissime</strong></span> <span class='ocrx_word' id='word_1_152' title='bbox 684 1486 935 1528; x_wconf 90' lang='lat' dir='ltr'><strong>meditatus</strong></span> <span class='ocrx_word' id='word_1_153' title='bbox 952 1487 1016 1528; x_wconf 93' lang='lat' dir='ltr'><strong>sic</strong></span> <span class='ocrx_word' id='word_1_154' title='bbox 1033 1486 1095 1527; x_wconf 93' lang='lat' dir='ltr'><strong>ait</strong></span> <span class='ocrx_word' id='word_1_155' title='bbox 1111 1486 1388 1534; x_wconf 90' lang='lat' dir='ltr'><strong>Marcianus,</strong></span> <span class='ocrx_word' id='word_1_156' title='bbox 1405 1484 1464 1526; x_wconf 93' lang='lat' dir='ltr'><strong>ad</strong></span> <span class='ocrx_word' id='word_1_157' title='bbox 1482 1485 1778 1541; x_wconf 89' lang='lat' dir='ltr'><strong>Hymeneum</strong></span> <span class='ocrx_word' id='word_1_158' title='bbox 1793 1483 2039 1526; x_wconf 87' lang='lat' dir='ltr'><strong>bellissime</strong></span> 
     </span>
     <span class='ocr_line' id='line_1_26' title="bbox 357 1550 2039 1610; baseline -0.003 -14"><span class='ocrx_word' id='word_1_159' title='bbox 357 1568 497 1596; x_wconf 90' lang='lat' dir='ltr'><strong>suum</strong></span> <span class='ocrx_word' id='word_1_160' title='bbox 521 1553 766 1610; x_wconf 89' lang='lat' dir='ltr'><strong>dirigendo</strong></span> <span class='ocrx_word' id='word_1_161' title='bbox 788 1567 1063 1595; x_wconf 90' lang='lat' dir='ltr'><strong>sermonem:</strong></span> <span class='ocrx_word' id='word_1_162' title='bbox 1087 1553 1303 1608; x_wconf 90' lang='lat' dir='ltr'><strong>Namque</strong></span> <span class='ocrx_word' id='word_1_163' title='bbox 1324 1552 1548 1593; x_wconf 89' lang='lat' dir='ltr'><strong>elementa</strong></span> <span class='ocrx_word' id='word_1_164' title='bbox 1571 1551 1684 1607; x_wconf 90' lang='lat' dir='ltr'><strong>ligas</strong></span> <span class='ocrx_word' id='word_1_165' title='bbox 1706 1550 1883 1592; x_wconf 88' lang='lat' dir='ltr'><strong>vicibus</strong></span> <span class='ocrx_word' id='word_1_166' title='bbox 1906 1564 2039 1592; x_wconf 88' lang='lat' dir='ltr'><strong>mun-</strong></span> 
     </span>
     <span class='ocr_line' id='line_1_27' title="bbox 358 1618 2039 1678; baseline -0.002 -15"><span class='ocrx_word' id='word_1_167' title='bbox 358 1621 566 1678; x_wconf 90' lang='lat' dir='ltr'><strong>dumque</strong></span> <span class='ocrx_word' id='word_1_168' title='bbox 599 1621 799 1663; x_wconf 89' lang='lat' dir='ltr'><strong>maritas.</strong></span> <span class='ocrx_word' id='word_1_169' title='bbox 833 1621 976 1677; x_wconf 87' lang='lat' dir='ltr'><strong>Atqui</strong></span> <span class='ocrx_word' id='word_1_170' title='bbox 1009 1621 1048 1662; x_wconf 89' lang='lat' dir='ltr'><strong>si</strong></span> <span class='ocrx_word' id='word_1_171' title='bbox 1081 1625 1160 1661; x_wconf 88' lang='lat' dir='ltr'><strong>tua</strong></span> <span class='ocrx_word' id='word_1_172' title='bbox 1193 1633 1322 1661; x_wconf 90' lang='lat' dir='ltr'><strong>more</strong></span> <span class='ocrx_word' id='word_1_173' title='bbox 1355 1624 1436 1660; x_wconf 92' lang='lat' dir='ltr'><strong>tuo</strong></span> <span class='ocrx_word' id='word_1_174' title='bbox 1469 1619 1675 1675; x_wconf 87' lang='lat' dir='ltr'><strong>pertinax</strong></span> <span class='ocrx_word' id='word_1_175' title='bbox 1708 1619 1756 1660; x_wconf 93' lang='lat' dir='ltr'><strong>in</strong></span> <span class='ocrx_word' id='word_1_176' title='bbox 1787 1618 2039 1659; x_wconf 89' lang='lat' dir='ltr'><strong>temeritate</strong></span> 
     </span>
     <span class='ocr_line' id='line_1_28' title="bbox 358 1685 2038 1745; baseline -0.002 -15"><span class='ocrx_word' id='word_1_177' title='bbox 358 1689 638 1745; x_wconf 80' lang='lat' dir='ltr'><strong>persisteres,</strong></span> <span class='ocrx_word' id='word_1_178' title='bbox 658 1688 860 1730; x_wconf 88' lang='lat' dir='ltr'><strong>retractis</strong></span> <span class='ocrx_word' id='word_1_179' title='bbox 881 1688 930 1729; x_wconf 90' lang='lat' dir='ltr'><strong>in</strong></span> <span class='ocrx_word' id='word_1_180' title='bbox 948 1701 1086 1743; x_wconf 90' lang='lat' dir='ltr'><strong>rugas</strong></span> <span class='ocrx_word' id='word_1_181' title='bbox 1106 1686 1167 1729; x_wconf 89' lang='lat' dir='ltr'><strong>ad</strong></span> <span class='ocrx_word' id='word_1_182' title='bbox 1188 1686 1293 1728; x_wconf 90' lang='lat' dir='ltr'><strong>talia</strong></span> <span class='ocrx_word' id='word_1_183' title='bbox 1313 1685 1499 1728; x_wconf 89' lang='lat' dir='ltr'><strong>naribus</strong></span> <span class='ocrx_word' id='word_1_184' title='bbox 1519 1699 1544 1727; x_wconf 91' lang='lat' dir='ltr'><strong>e</strong></span> <span class='ocrx_word' id='word_1_185' title='bbox 1563 1685 1760 1741; x_wconf 88' lang='lat' dir='ltr'><strong>uestigio</strong></span> <span class='ocrx_word' id='word_1_186' title='bbox 1779 1697 2038 1733; x_wconf 88' lang='lat' dir='ltr'><strong>nauseares,</strong></span> 
     </span>
     <span class='ocr_line' id='line_1_29' title="bbox 358 1751 2040 1809; baseline -0.002 -12"><span class='ocrx_word' id='word_1_187' title='bbox 358 1755 523 1798; x_wconf 88' lang='lat' dir='ltr'><strong>taliave</strong></span> <span class='ocrx_word' id='word_1_188' title='bbox 542 1755 817 1797; x_wconf 83' lang='lat' dir='ltr'><strong>fastidientis</strong></span> <span class='ocrx_word' id='word_1_189' title='bbox 838 1754 899 1796; x_wconf 93' lang='lat' dir='ltr'><strong>ad</strong></span> <span class='ocrx_word' id='word_1_190' title='bbox 919 1755 1060 1796; x_wconf 88' lang='lat' dir='ltr'><strong>instar</strong></span> <span class='ocrx_word' id='word_1_191' title='bbox 1079 1753 1353 1796; x_wconf 89' lang='lat' dir='ltr'><strong>nausealiter</strong></span> <span class='ocrx_word' id='word_1_192' title='bbox 1372 1753 1605 1809; x_wconf 91' lang='lat' dir='ltr'><strong>aspernari</strong></span> <span class='ocrx_word' id='word_1_193' title='bbox 1624 1766 1719 1794; x_wconf 89' lang='lat' dir='ltr'><strong>non</strong></span> <span class='ocrx_word' id='word_1_194' title='bbox 1736 1751 2040 1799; x_wconf 82' lang='lat' dir='ltr'><strong>erubesceres,</strong></span> 
     </span>
     <span class='ocr_line' id='line_1_30' title="bbox 358 1810 2039 1879; baseline -0.002 -15"><span class='ocrx_word' id='word_1_195' title='bbox 358 1823 599 1879; x_wconf 87' lang='lat' dir='ltr'><strong>presertim</strong></span> <span class='ocrx_word' id='word_1_196' title='bbox 621 1823 729 1879; x_wconf 92' lang='lat' dir='ltr'><strong>quia</strong></span> <span class='ocrx_word' id='word_1_197' title='bbox 752 1822 969 1878; x_wconf 90' lang='lat' dir='ltr'><strong>ligamina</strong></span> <span class='ocrx_word' id='word_1_198' title='bbox 992 1821 1240 1878; x_wconf 90' lang='lat' dir='ltr'><strong>ligancium</strong></span> <span class='ocrx_word' id='word_1_199' title='bbox 1261 1820 1439 1862; x_wconf 92' lang='lat' dir='ltr'><strong>vicibus</strong></span> <span class='ocrx_word' id='word_1_200' title='bbox 1462 1819 1707 1861; x_wconf 89' lang='lat' dir='ltr'><strong>attribuere</strong></span> <span class='ocrx_word' id='word_1_201' title='bbox 1728 1819 1900 1861; x_wconf 91' lang='lat' dir='ltr'><strong>vicium</strong></span> <span class='ocrx_word' id='word_1_202' title='bbox 1923 1810 2039 1860; x_wconf 79' lang='lat' dir='ltr'><strong>fore⁴</strong></span> 
     </span>
     <span class='ocr_line' id='line_1_31' title="bbox 357 1885 2040 1942; baseline -0.003 -11"><span class='ocrx_word' id='word_1_203' title='bbox 357 1890 687 1931; x_wconf 89' lang='lat' dir='ltr'><strong>contumaciter</strong></span> <span class='ocrx_word' id='word_1_204' title='bbox 703 1889 1000 1931; x_wconf 88' lang='lat' dir='ltr'><strong>examinares.</strong></span> <span class='ocrx_word' id='word_1_205' title='bbox 1018 1888 1116 1930; x_wconf 92' lang='lat' dir='ltr'><strong>Nec</strong></span> <span class='ocrx_word' id='word_1_206' title='bbox 1134 1888 1287 1930; x_wconf 90' lang='lat' dir='ltr'><strong>minus</strong></span> <span class='ocrx_word' id='word_1_207' title='bbox 1305 1886 1529 1929; x_wconf 89' lang='lat' dir='ltr'><strong>elementa</strong></span> <span class='ocrx_word' id='word_1_208' title='bbox 1544 1885 1721 1928; x_wconf 90' lang='lat' dir='ltr'><strong>vicibus</strong></span> <span class='ocrx_word' id='word_1_209' title='bbox 1738 1885 2040 1942; x_wconf 88' lang='lat' dir='ltr'><strong>quibusuisve</strong></span> 
     </span>
     <span class='ocr_line' id='line_1_32' title="bbox 358 1951 2040 2012; baseline -0.003 -14"><span class='ocrx_word' id='word_1_210' title='bbox 358 1956 488 2012; x_wconf 90' lang='lat' dir='ltr'><strong>ligari</strong></span> <span class='ocrx_word' id='word_1_211' title='bbox 507 1955 800 2012; x_wconf 91' lang='lat' dir='ltr'><strong>ligaminibus</strong></span> <span class='ocrx_word' id='word_1_212' title='bbox 820 1955 897 1997; x_wconf 93' lang='lat' dir='ltr'><strong>uel</strong></span> <span class='ocrx_word' id='word_1_213' title='bbox 916 1955 1119 1997; x_wconf 89' lang='lat' dir='ltr'><strong>maritari</strong></span> <span class='ocrx_word' id='word_1_214' title='bbox 1139 1955 1427 2011; x_wconf 86' lang='lat' dir='ltr'><strong>pertinaciter</strong></span> <span class='ocrx_word' id='word_1_215' title='bbox 1445 1953 1688 1995; x_wconf 90' lang='lat' dir='ltr'><strong>abhorrere</strong></span> <span class='ocrx_word' id='word_1_216' title='bbox 1707 1966 1803 1994; x_wconf 90' lang='lat' dir='ltr'><strong>non</strong></span> <span class='ocrx_word' id='word_1_217' title='bbox 1821 1951 2040 1994; x_wconf 80' lang='lat' dir='ltr'><strong>formida-</strong></span> 
     </span>
     <span class='ocr_line' id='line_1_33' title="bbox 358 2019 2040 2077; baseline -0.003 -13"><span class='ocrx_word' id='word_1_218' title='bbox 358 2037 444 2072; x_wconf 88' lang='lat' dir='ltr'><strong>res,</strong></span> <span class='ocrx_word' id='word_1_219' title='bbox 462 2023 579 2064; x_wconf 91' lang='lat' dir='ltr'><strong>dum</strong></span> <span class='ocrx_word' id='word_1_220' title='bbox 597 2022 765 2064; x_wconf 89' lang='lat' dir='ltr'><strong>stolide</strong></span> <span class='ocrx_word' id='word_1_221' title='bbox 782 2022 931 2064; x_wconf 89' lang='lat' dir='ltr'><strong>solam</strong></span> <span class='ocrx_word' id='word_1_222' title='bbox 948 2021 1240 2063; x_wconf 90' lang='lat' dir='ltr'><strong>considerare</strong></span> <span class='ocrx_word' id='word_1_223' title='bbox 1257 2020 1648 2077; x_wconf 88' lang='lat' dir='ltr'><strong>contemplarique</strong></span> <span class='ocrx_word' id='word_1_224' title='bbox 1666 2019 1958 2076; x_wconf 86' lang='lat' dir='ltr'><strong>superficiem</strong></span> <span class='ocrx_word' id='word_1_225' title='bbox 1976 2019 2040 2059; x_wconf 91' lang='lat' dir='ltr'><strong>sic</strong></span> 
     </span>
     <span class='ocr_line' id='line_1_34' title="bbox 358 2090 1061 2146; baseline -0.003 -15"><span class='ocrx_word' id='word_1_226' title='bbox 358 2090 709 2131; x_wconf 89' lang='lat' dir='ltr'><strong>enunciatorum</strong></span> <span class='ocrx_word' id='word_1_227' title='bbox 729 2102 1061 2146; x_wconf 88' lang='lat' dir='ltr'><strong>perseuerares.</strong></span> 
     </span>
    </p>

    <p class='ocr_par' dir='ltr' id='par_1_9' title="bbox 358 2151 2041 2618">
     <span class='ocr_line' id='line_1_35' title="bbox 422 2151 2040 2211; baseline -0.003 -13"><span class='ocrx_word' id='word_1_228' title='bbox 422 2156 522 2210; x_wconf 90' lang='lat'>[17.]</span> <span class='ocrx_word' id='word_1_229' title='bbox 544 2157 718 2198; x_wconf 90' lang='lat' dir='ltr'><strong>Verum</strong></span> <span class='ocrx_word' id='word_1_230' title='bbox 735 2156 775 2197; x_wconf 91' lang='lat' dir='ltr'><strong>si</strong></span> <span class='ocrx_word' id='word_1_231' title='bbox 791 2169 959 2197; x_wconf 89' lang='lat' dir='ltr'><strong>sanum</strong></span> <span class='ocrx_word' id='word_1_232' title='bbox 975 2168 1161 2211; x_wconf 88' lang='lat' dir='ltr'><strong>saperes</strong></span> <span class='ocrx_word' id='word_1_233' title='bbox 1178 2160 1223 2196; x_wconf 94' lang='lat' dir='ltr'><strong>et</strong></span> <span class='ocrx_word' id='word_1_234' title='bbox 1240 2159 1490 2202; x_wconf 88' lang='lat' dir='ltr'><strong>sensatum,</strong></span> <span class='ocrx_word' id='word_1_235' title='bbox 1506 2153 1582 2195; x_wconf 92' lang='lat' dir='ltr'><strong>uel</strong></span> <span class='ocrx_word' id='word_1_236' title='bbox 1599 2152 1772 2209; x_wconf 91' lang='lat' dir='ltr'><strong>aliquid</strong></span> <span class='ocrx_word' id='word_1_237' title='bbox 1790 2151 1851 2194; x_wconf 91' lang='lat' dir='ltr'><strong>ad</strong></span> <span class='ocrx_word' id='word_1_238' title='bbox 1867 2152 2040 2193; x_wconf 90' lang='lat' dir='ltr'><strong>vicium</strong></span> 
     </span>
     <span class='ocr_line' id='line_1_36' title="bbox 359 2214 2041 2280; baseline -0.004 -14"><span class='ocrx_word' id='word_1_239' title='bbox 359 2214 724 2280; x_wconf 82' lang='lat' dir='ltr'><strong>superficialiter⁵</strong></span> <span class='ocrx_word' id='word_1_240' title='bbox 751 2221 1132 2264; x_wconf 82' lang='lat' dir='ltr'><strong>submonendum</strong></span> <span class='ocrx_word' id='word_1_241' title='bbox 1159 2221 1281 2263; x_wconf 89' lang='lat' dir='ltr'><strong>laute</strong></span> <span class='ocrx_word' id='word_1_242' title='bbox 1308 2219 1765 2278; x_wconf 87' lang='lat' dir='ltr'><strong>preinvestigandum</strong></span> <span class='ocrx_word' id='word_1_243' title='bbox 1792 2218 2041 2261; x_wconf 89' lang='lat' dir='ltr'><strong>subintelli-</strong></span> 
     </span>
     <span class='ocr_line' id='line_1_37' title="bbox 359 2286 2041 2348; baseline -0.004 -15"><span class='ocrx_word' id='word_1_244' title='bbox 359 2290 625 2348; x_wconf 88' lang='lat' dir='ltr'><strong>gendumve</strong></span> <span class='ocrx_word' id='word_1_245' title='bbox 656 2303 878 2332; x_wconf 77' lang='lat' dir='ltr'><strong>censeres,</strong></span> <span class='ocrx_word' id='word_1_246' title='bbox 910 2290 1181 2346; x_wconf 89' lang='lat' dir='ltr'><strong>Hymeneus</strong></span> <span class='ocrx_word' id='word_1_247' title='bbox 1211 2288 1416 2346; x_wconf 89' lang='lat' dir='ltr'><strong>quidem,</strong></span> <span class='ocrx_word' id='word_1_248' title='bbox 1447 2301 1602 2329; x_wconf 90' lang='lat' dir='ltr'><strong>rerum</strong></span> <span class='ocrx_word' id='word_1_249' title='bbox 1632 2286 1800 2329; x_wconf 90' lang='lat' dir='ltr'><strong>scilicet</strong></span> <span class='ocrx_word' id='word_1_250' title='bbox 1830 2286 2041 2328; x_wconf 89' lang='lat' dir='ltr'><strong>omnium</strong></span> 
     </span>
     <span class='ocr_line' id='line_1_38' title="bbox 358 2350 2041 2412; baseline -0.004 -11"><span class='ocrx_word' id='word_1_251' title='bbox 358 2350 597 2401; x_wconf 89' lang='lat' dir='ltr'><strong>naturalis⁶</strong></span> <span class='ocrx_word' id='word_1_252' title='bbox 614 2357 806 2400; x_wconf 83' lang='lat' dir='ltr'><strong>effectus</strong></span> <span class='ocrx_word' id='word_1_253' title='bbox 823 2357 900 2399; x_wconf 91' lang='lat' dir='ltr'><strong>uel</strong></span> <span class='ocrx_word' id='word_1_254' title='bbox 916 2371 1060 2406; x_wconf 88' lang='lat' dir='ltr'><strong>amor,</strong></span> <span class='ocrx_word' id='word_1_255' title='bbox 1077 2356 1323 2398; x_wconf 92' lang='lat' dir='ltr'><strong>concordia</strong></span> <span class='ocrx_word' id='word_1_256' title='bbox 1339 2355 1416 2397; x_wconf 91' lang='lat' dir='ltr'><strong>uel</strong></span> <span class='ocrx_word' id='word_1_257' title='bbox 1431 2356 1564 2412; x_wconf 89' lang='lat' dir='ltr'><strong>vigor</strong></span> <span class='ocrx_word' id='word_1_258' title='bbox 1580 2360 1740 2396; x_wconf 85' lang='lat' dir='ltr'><strong>nature</strong></span> <span class='ocrx_word' id='word_1_259' title='bbox 1757 2368 1851 2411; x_wconf 94' lang='lat' dir='ltr'><strong>quo</strong></span> <span class='ocrx_word' id='word_1_260' title='bbox 1867 2358 2041 2395; x_wconf 90' lang='lat' dir='ltr'><strong>creatu-</strong></span> 
     </span>
     <span class='ocr_line' id='line_1_39' title="bbox 359 2421 2040 2480; baseline -0.004 -11"><span class='ocrx_word' id='word_1_261' title='bbox 359 2440 515 2469; x_wconf 91' lang='lat' dir='ltr'><strong>rarum</strong></span> <span class='ocrx_word' id='word_1_262' title='bbox 530 2426 737 2468; x_wconf 89' lang='lat' dir='ltr'><strong>subsistit</strong></span> <span class='ocrx_word' id='word_1_263' title='bbox 751 2425 1040 2474; x_wconf 86' lang='lat' dir='ltr'><strong>vniuersitas,</strong></span> <span class='ocrx_word' id='word_1_264' title='bbox 1055 2424 1371 2480; x_wconf 89' lang='lat' dir='ltr'><strong>elementaque</strong></span> <span class='ocrx_word' id='word_1_265' title='bbox 1386 2423 1641 2465; x_wconf 85' lang='lat' dir='ltr'><strong>subsistunt</strong></span> <span class='ocrx_word' id='word_1_266' title='bbox 1669 2421 1764 2478; x_wconf 75' lang='grc' dir='ltr'><strong>132ν</strong></span> <span class='ocrx_word' id='word_1_267' title='bbox 1779 2422 1785 2478; x_wconf 89' lang='grc' dir='ltr'>Ι</span> <span class='ocrx_word' id='word_1_268' title='bbox 1811 2421 2040 2469; x_wconf 87' lang='lat' dir='ltr'><strong>vniuersa,</strong></span> 
     </span>
     <span class='ocr_line' id='line_1_40' title="bbox 358 2487 2039 2550; baseline -0.004 -14"><span class='ocrx_word' id='word_1_269' title='bbox 358 2493 536 2536; x_wconf 91' lang='lat' dir='ltr'><strong>vicibus</strong></span> <span class='ocrx_word' id='word_1_270' title='bbox 554 2493 619 2550; x_wconf 92' lang='lat' dir='ltr'><strong>(id</strong></span> <span class='ocrx_word' id='word_1_271' title='bbox 636 2498 719 2543; x_wconf 90' lang='lat' dir='ltr'><strong>est,</strong></span> <span class='ocrx_word' id='word_1_272' title='bbox 735 2507 817 2550; x_wconf 92' lang='lat' dir='ltr'><strong>per</strong></span> <span class='ocrx_word' id='word_1_273' title='bbox 831 2493 956 2534; x_wconf 89' lang='lat' dir='ltr'><strong>vices</strong></span> <span class='ocrx_word' id='word_1_274' title='bbox 971 2497 1016 2534; x_wconf 91' lang='lat' dir='ltr'><strong>et</strong></span> <span class='ocrx_word' id='word_1_275' title='bbox 1032 2490 1305 2547; x_wconf 88' lang='lat' dir='ltr'><strong>alternatim)</strong></span> <span class='ocrx_word' id='word_1_276' title='bbox 1322 2490 1462 2548; x_wconf 89' lang='lat' dir='ltr'><strong>ligare</strong></span> <span class='ocrx_word' id='word_1_277' title='bbox 1478 2490 1644 2532; x_wconf 92' lang='lat' dir='ltr'><strong>dicitur</strong></span> <span class='ocrx_word' id='word_1_278' title='bbox 1658 2489 1896 2538; x_wconf 90' lang='lat' dir='ltr'><strong>elementa,</strong></span> <span class='ocrx_word' id='word_1_279' title='bbox 1911 2487 2039 2545; x_wconf 91' lang='lat' dir='ltr'><strong>quod</strong></span> 
     </span>
     <span class='ocr_line' id='line_1_41' title="bbox 359 2551 2040 2618; baseline -0.004 -14"><span class='ocrx_word' id='word_1_280' title='bbox 359 2566 550 2618; x_wconf 88' lang='lat' dir='ltr'><strong>apparet</strong></span> <span class='ocrx_word' id='word_1_281' title='bbox 575 2562 624 2603; x_wconf 92' lang='lat' dir='ltr'><strong>in</strong></span> <span class='ocrx_word' id='word_1_282' title='bbox 647 2551 834 2618; x_wconf 90' lang='lat' dir='ltr'><strong>hyeme⁷</strong></span> <span class='ocrx_word' id='word_1_283' title='bbox 858 2559 1048 2617; x_wconf 89' lang='lat' dir='ltr'><strong>quando</strong></span> <span class='ocrx_word' id='word_1_284' title='bbox 1075 2565 1192 2601; x_wconf 89' lang='lat' dir='ltr'><strong>terra</strong></span> <span class='ocrx_word' id='word_1_285' title='bbox 1219 2558 1448 2615; x_wconf 90' lang='lat' dir='ltr'><strong>(videlicet</strong></span> <span class='ocrx_word' id='word_1_286' title='bbox 1474 2557 1771 2615; x_wconf 89' lang='lat' dir='ltr'><strong>germinibus)</strong></span> <span class='ocrx_word' id='word_1_287' title='bbox 1798 2555 2040 2604; x_wconf 87' lang='lat' dir='ltr'><strong>clauditur,</strong></span> 
     </span>
    </p>
   </div>
   <div class='ocr_carea' id='block_1_8' title="bbox 431 2760 1090 3135">
    <p class='ocr_par' dir='ltr' id='par_1_10' title="bbox 432 2760 596 2811">
     <span class='ocr_line' id='line_1_42' title="bbox 432 2760 596 2811; baseline 0 -12"><span class='ocrx_word' id='word_1_288' title='bbox 432 2760 444 2782; x_wconf 89' lang='lat'>¹</span> <span class='ocrx_word' id='word_1_289' title='bbox 461 2775 556 2811; x_wconf 89' lang='lat' dir='ltr'><strong>quos</strong></span> <span class='ocrx_word' id='word_1_290' title='bbox 573 2766 596 2799; x_wconf 92' lang='lat' dir='ltr'><strong><em>S</em></strong></span> 
     </span>
    </p>

    <p class='ocr_par' dir='ltr' id='par_1_11' title="bbox 432 2814 721 2867">
     <span class='ocr_line' id='line_1_43' title="bbox 432 2814 721 2867; baseline -0.003 -11"><span class='ocrx_word' id='word_1_291' title='bbox 432 2814 446 2837; x_wconf 89' lang='lat'>²</span> <span class='ocrx_word' id='word_1_292' title='bbox 462 2821 657 2867; x_wconf 87' lang='lat' dir='ltr'><strong>denigrare</strong></span> <span class='ocrx_word' id='word_1_293' title='bbox 672 2821 721 2855; x_wconf 86' lang='lat' dir='ltr'><strong>ed.</strong></span> 
     </span>
    </p>

    <p class='ocr_par' dir='ltr' id='par_1_12' title="bbox 432 2870 602 2912">
     <span class='ocr_line' id='line_1_44' title="bbox 432 2870 602 2912; baseline -0.012 1"><span class='ocrx_word' id='word_1_294' title='bbox 432 2870 447 2893; x_wconf 82' lang='lat'>³</span> <span class='ocrx_word' id='word_1_295' title='bbox 462 2877 562 2912; x_wconf 82' lang='lat' dir='ltr'><strong>Citra</strong></span> <span class='ocrx_word' id='word_1_296' title='bbox 579 2878 602 2911; x_wconf 90' lang='lat' dir='ltr'>S</span> 
     </span>
    </p>

    <p class='ocr_par' dir='ltr' id='par_1_13' title="bbox 431 2927 1090 3035">
     <span class='ocr_line' id='line_1_45' title="bbox 431 2927 1090 2975; baseline -0.005 -9"><span class='ocrx_word' id='word_1_297' title='bbox 431 2927 446 2949; x_wconf 87' lang='lat'><strong>⁴</strong></span> <span class='ocrx_word' id='word_1_298' title='bbox 462 2932 601 2966; x_wconf 91' lang='lat' dir='ltr'><strong>vicium</strong></span> <span class='ocrx_word' id='word_1_299' title='bbox 617 2931 707 2975; x_wconf 77' lang='lat' dir='ltr'><strong>fore]</strong></span> <span class='ocrx_word' id='word_1_300' title='bbox 725 2931 864 2965; x_wconf 86' lang='lat' dir='ltr'><strong>vicium</strong></span> <span class='ocrx_word' id='word_1_301' title='bbox 880 2941 956 2964; x_wconf 90' lang='lat' dir='ltr'><strong>non</strong></span> <span class='ocrx_word' id='word_1_302' title='bbox 974 2930 1050 2964; x_wconf 81' lang='lat' dir='ltr'><strong>fore</strong></span> <span class='ocrx_word' id='word_1_303' title='bbox 1067 2931 1090 2963; x_wconf 88' lang='lat' dir='ltr'><strong>S</strong></span> 
     </span>
     <span class='ocr_line' id='line_1_46' title="bbox 433 2983 733 3035; baseline -0.003 -12"><span class='ocrx_word' id='word_1_304' title='bbox 433 2983 447 3005; x_wconf 84' lang='lat'><strong>⁵</strong></span> <span class='ocrx_word' id='word_1_305' title='bbox 463 2988 694 3035; x_wconf 82' lang='lat' dir='ltr'><strong>superficiale</strong></span> <span class='ocrx_word' id='word_1_306' title='bbox 710 2989 733 3022; x_wconf 90' lang='lat' dir='ltr'>S</span> 
     </span>
    </p>

    <p class='ocr_par' dir='ltr' id='par_1_14' title="bbox 432 3038 687 3079">
     <span class='ocr_line' id='line_1_47' title="bbox 432 3038 687 3079; baseline -0.004 0"><span class='ocrx_word' id='word_1_307' title='bbox 432 3038 447 3060; x_wconf 89' lang='lat'><strong>⁶</strong></span> <span class='ocrx_word' id='word_1_308' title='bbox 462 3045 648 3079; x_wconf 90' lang='lat' dir='ltr'><strong>naturales</strong></span> <span class='ocrx_word' id='word_1_309' title='bbox 664 3045 687 3078; x_wconf 91' lang='lat' dir='ltr'>S</span> 
     </span>
    </p>

    <p class='ocr_par' dir='ltr' id='par_1_15' title="bbox 433 3094 620 3135">
     <span class='ocr_line' id='line_1_48' title="bbox 433 3094 620 3135; baseline 0 0"><span class='ocrx_word' id='word_1_310' title='bbox 433 3094 448 3116; x_wconf 88' lang='lat'>⁷</span> <span class='ocrx_word' id='word_1_311' title='bbox 462 3101 580 3135; x_wconf 89' lang='lat' dir='ltr'><strong>humo</strong></span> <span class='ocrx_word' id='word_1_312' title='bbox 597 3101 620 3135; x_wconf 89' lang='lat' dir='ltr'>S</span> 
     </span>
    </p>
   </div>
  </div>
 </body>
</html>
