2132 3346
259 641 294 666 10

260 975 294 1000 15

260 1311 295 1336 20

262 2385 296 2410 35

354 156 443 197 198
580 163 768 197 SERIUM
790 162 1095 196 SENECTUTIS

353 290 399 331 Si
418 303 604 331 summa
622 289 792 331 virtute
810 288 984 338 valens,
1004 287 1210 330 mirabile
1229 301 1325 330 non
1343 293 1411 329 est

353 357 527 412 Magna
546 355 667 405 facit,
686 356 795 412 quia
814 355 912 397 sola
933 355 1097 396 decent
1116 354 1345 410 magnalia
1364 368 1572 410 magnos;

354 423 406 465 In
423 436 595 479 magno
615 427 772 464 tamen
789 427 859 464 est
878 422 1050 463 mirum
1069 422 1109 463 si
1127 421 1245 463 seria
1264 420 1415 463 soluat

354 490 532 532 Nature
550 493 785 538 consueta,
804 489 998 530 scienter
1017 493 1062 530 et
1082 487 1142 530 ad
1162 501 1287 530 noua
1305 487 1459 529 vadat:

354 557 457 599 Hoc
477 556 587 598 satis
606 569 708 598 esse
727 569 908 598 nouum
927 555 1037 597 satis
1057 560 1102 597 et
1121 554 1260 597 michi
1278 568 1444 597 censeo
1464 555 1635 596 mirum

354 623 497 675 Quod
517 637 603 665 sua
622 627 785 665 nature
803 623 982 665 variare
1001 627 1166 678 potens
1185 621 1329 664 homo
1348 622 1447 663 iura

355 690 570 732 Infirmus
591 695 686 732 tam
705 689 841 731 firma
860 688 961 738 fuit,
980 688 1109 745 quod
1129 693 1174 730 et
1193 687 1254 730 ad
1274 702 1359 730 sua
1378 693 1511 729 natos

355 757 500 799 ffatali
519 756 606 799 sibi
624 755 886 798 consimiles
907 770 934 797 a
953 755 1047 797 fine
1065 760 1263 797 vocaret.

355 824 466 866 Non
484 823 703 880 equidem
722 823 892 864 virtute
911 836 997 864 sua
1015 821 1091 863 vel
1109 821 1284 863 viribus
1304 821 1385 863 ulli

354 890 460 933 Tale
480 890 583 933 licet
602 890 788 932 licuitve
807 890 904 931 suis
924 888 1165 931 subsidere
1183 889 1295 930 viuo

354 958 512 1007 Solari,
531 958 620 1000 nisi
639 962 796 999 sancta
815 957 901 999 Dei
921 957 1152 1013 paciencia
1171 955 1315 998 finem

355 1026 596 1082 Prosperet
615 1024 798 1073 effectu,
817 1023 901 1066 fini
919 1023 1133 1065 faciendo
1153 1023 1384 1071 iuuamen;

355 1092 538 1134 Viribus
558 1106 669 1149 ergo
689 1092 775 1134 Dei
794 1090 904 1133 solis
924 1090 1067 1133 homo
1087 1090 1193 1132 talia
1213 1095 1393 1132 tantum
1426 1088 1543 1146 153v1

355 1160 547 1202 Sanctus
567 1160 674 1216 agit,
693 1172 881 1201 summo
901 1157 990 1200 sub
1009 1157 1287 1215 plasmatore
1307 1158 1524 1199 minister.

356 1227 433 1269 Est
452 1227 591 1283 igitur
609 1227 780 1268 virtute
798 1225 958 1267 valens
978 1226 1104 1267 Deus
1124 1238 1272 1281 usque
1291 1223 1568 1266 colendus—

356 1293 433 1336 Ille
452 1293 603 1335 bonus
623 1294 704 1350 qui
723 1298 849 1334 tanta
869 1293 965 1334 suis
986 1293 1050 1333 sic
1070 1305 1263 1333 munera
1282 1292 1428 1332 seruis

356 1361 542 1409 Prestat,
561 1365 614 1402 ut
633 1359 777 1401 elatos
797 1358 859 1401 ad
878 1358 1108 1400 conuitale
1127 1357 1363 1407 reducant!

356 1428 409 1469 Et
428 1428 534 1484 pius
554 1427 603 1468 in
622 1431 802 1483 partem
820 1439 917 1467 non
935 1425 1215 1481 dedignatur
1234 1424 1422 1466 honoris

355 1495 528 1550 Sponte
547 1507 688 1535 suum
707 1506 891 1534 summe
911 1492 1158 1534 dominans
1179 1491 1420 1533 admittere
1440 1504 1643 1539 seruum,

356 1561 464 1611 Quo
484 1560 664 1602 domini
683 1573 797 1601 suus
818 1560 953 1601 intret
973 1572 1120 1600 ouans
1140 1559 1189 1599 in
1208 1557 1378 1614 gaudia
1397 1571 1573 1598 seruus.

421 1694 460 1748 [1
467 1693 492 1748 .]
515 1693 657 1745 Quod
676 1698 833 1735 autem
850 1693 976 1735 Deus
995 1691 1295 1734 solummodo
1313 1692 1371 1733 sit
1387 1705 1522 1740 vnus,
1539 1704 1718 1746 suoque
1735 1681 1816 1731 sic¹
1837 1688 1964 1731 solus
1981 1689 2040 1730 sit

357 1762 405 1804 in
433 1761 619 1804 arbitrio
649 1760 788 1803 licens
818 1765 863 1802 et
892 1759 1102 1802 absolute
1130 1758 1406 1815 licenterque
1434 1757 1735 1806 voluntarius,
1763 1770 1859 1799 non
1886 1756 2039 1798 minus

356 1829 495 1870 variis
514 1842 656 1885 quam
675 1828 991 1885 patentissime
1010 1826 1323 1883 probabilibus
1343 1825 1473 1867 facile
1491 1825 1600 1866 satis
1619 1829 1688 1866 est
1706 1829 1751 1866 et
1769 1828 2040 1880 promptum

358 1895 579 1938 declarari
594 1893 1060 1937 sermocinacionibus
1076 1892 1539 1950 argumentaliterque
1553 1890 1822 1948 cogentibus
1837 1895 2040 1932 astruere

357 1961 806 2005 raciocinacionibus.
836 1962 887 2004 In
915 1961 1076 2018 primis
1105 1961 1258 2017 itaque
1287 1958 1521 2016 probabile
1550 1959 1659 2001 satis
1687 1958 1773 2000 Dei
1801 1957 2041 2000 dumtaxat

356 2031 494 2073 vnius
512 2035 582 2072 est
599 2030 659 2072 ad
679 2034 1006 2086 argumentum
1023 2028 1151 2085 quod
1170 2028 1414 2070 hominum
1431 2026 1519 2068 sub
1535 2026 1631 2068 sole
1649 2026 1929 2082 spirancium
1946 2023 2041 2066 fere

357 2098 450 2140 iam
463 2111 585 2140 nunc
598 2097 874 2139 vniuersitas
887 2095 1202 2138 indifferenter
1214 2095 1538 2137 vniuersorum
1550 2094 1682 2150 quasi
1693 2091 2041 2135 confederaliter

358 2169 531 2207 asserat
547 2178 696 2206 vnum
714 2163 956 2206 dumtaxat
973 2177 1075 2205 esse
1092 2163 1257 2204 Deum.
1276 2162 1383 2204 Fere
1401 2161 1496 2203 dixi
1513 2174 1609 2203 non
1624 2161 1734 2202 citra
1753 2159 1946 2202 racionis
1964 2157 2041 2200 uel

358 2233 550 2275 alicuius
578 2232 933 2289 inspeccioneml
959 2245 1054 2288 quo
1081 2230 1250 2272 scilicet
1277 2243 1450 2287 paucos
1478 2229 1734 2285 exciperem
1760 2226 1954 2269 borealis
1981 2225 2041 2268 ab

358 2300 716 2357 intemperancia
728 2299 927 2356 glacialis
939 2304 984 2340 et
995 2298 1056 2340 ob
1067 2298 1406 2339 inmensitatem
1418 2296 1857 2351 diuturnitatemque
1868 2293 2041 2350 frigidi-

358 2368 462 2409 tatis
476 2368 554 2409 vix
568 2368 792 2409 viuentes.
807 2366 950 2422 Atqui
965 2365 1135 2407 Iudeus
1150 2365 1315 2413 omnis!
1330 2363 1509 2420 gentilis
1523 2368 1567 2405 et
1581 2363 1748 2419 quiuis,
1762 2361 2041 2419 quilibetque

358 2434 646 2477 Christianus
662 2448 748 2491 pro
763 2447 847 2475 sue
861 2432 975 2475 fidei
988 2432 1065 2474 uel
1079 2431 1378 2489 professionis
1393 2431 1624 2487 exigencia
1639 2429 1791 2471 solum
1805 2427 2041 2470 confiden-

358 2507 426 2544 ter
448 2516 596 2544 vnum
619 2515 707 2543 suo
729 2505 893 2543 cuncta
917 2514 1003 2557 pro
1026 2499 1154 2542 libito
1178 2498 1502 2555 disponentem
1525 2496 1692 2539 fatetur
1714 2500 1974 2538 constanter
1996 2499 2040 2537 et

359 2570 519 2611 asserit
543 2569 710 2618 Deum,
734 2568 1043 2610 communiter
1067 2566 1126 2608 ab
1149 2565 1365 2608 omnibus
1390 2564 1573 2607 nefariis
1599 2562 1977 2606 adnumerandus
2002 2562 2041 2604 si

359 2635 642 2694 pluralitates
661 2635 761 2677 fore
780 2635 901 2677 serio
920 2633 1214 2692 profiteretur
1232 2637 1575 2675 asseueraretue
1595 2631 1803 2673 deorum.

423 2703 494 2758 [2.]
516 2703 606 2745 Sed
634 2708 679 2745 et
706 2703 988 2745 asserciones
1016 2702 1162 2744 eciam
1190 2700 1301 2743 tales
1328 2700 1555 2742 vniuersis
1582 2698 1896 2741 indifferenter
1922 2696 2041 2739 adeo

358 2775 602 2813 censentur
632 2784 734 2812 esse
766 2768 1072 2817 detestabiles,
1102 2767 1230 2825 quod
1263 2771 1502 2824 promptas
1534 2766 1730 2807 deorum
1760 2763 2042 2821 pluralitates

359 2837 626 2894 simpliciter
644 2837 804 2886 eciam,
823 2837 943 2878 serio
963 2841 1131 2884 tamen,
1151 2836 1434 2890 scienterque
1453 2832 1788 2890 profitentibus,
1807 2830 2041 2873 indubias-

359 2919 450 2962 que
461 2909 664 2961 prestent
676 2904 939 2946 occasiones
951 2902 1240 2951 fatalitatum,
1251 2901 1577 2958 perpetuitates
1589 2900 1734 2941 eciam
1745 2899 1923 2955 pariant
1934 2901 2040 2953 post

433 3103 548 3144 ¹sitS
