2132 3346
247 1893 298 1918 6⁷0

247 2229 299 2254 675

360 138 450 180 112
586 146 773 179 SERIUM
795 146 1100 179 SENECTUTIS

359 272 556 314 summis
576 270 975 313 obsecracionibus
996 271 1356 327 pertinacissime
1376 276 1573 327 perg1mt
1592 270 1911 313 coadmonere.

423 338 523 392 [41.]
545 337 729 379 Talibus
775 338 932 394 sicque
977 337 1376 379 admonicionibus
1422 338 1607 386 incensi,
1652 343 1950 393 properanter
1994 338 2043 379 in

359 404 558 461 prelium
585 405 885 460 certatimque
912 409 1053 445 ruunt
1079 404 1297 453 vniuersi,
1325 403 1492 460 deique
1520 404 1729 460 protinus
1757 404 2041 460 presenciam

359 471 569 513 senciunt
607 470 694 512 sibi
731 470 1030 512 saluberrime
1068 471 1274 526 propicii.
1312 461 1531 511 Terribili¹
1571 483 1772 526 namque
1807 469 2042 526 Gallisque

360 538 636 594 grauissimo
657 542 790 578 motu
811 537 1013 578 Parnasii
1034 537 1192 593 porcio
1214 537 1383 577 montis
1405 536 1599 592 abrupta
1620 536 1860 577 Gallorum
1880 537 2041 577 strauit

359 604 623 652 exercitum,
649 617 915 659 cuneosque
941 602 1302 644 confertissimos
1329 602 1544 644 discussit
1570 616 1666 644 non
1691 603 1788 643 sine
1814 601 2042 643 wlnerum

359 669 486 712 fatali
507 669 718 712 molestia
740 668 1036 711 letiferorum.
1058 669 1163 711 Dux
1186 669 1286 725 ipse
1307 669 1542 718 Brennius,
1565 668 1680 710 dum
1703 667 1781 710 t'ali
1801 682 1912 710 casu
1933 673 2041 710 tunc

359 743 658 794 exceptorum
678 736 908 778 wlnerum
928 737 1024 793 pati
1045 750 1141 778 non
1159 735 1380 777 valuisset
1400 736 1634 792 angustias
1656 735 2042 791 difficultatesque

360 804 691 854 molestiarum,
709 804 882 846 serium
901 804 998 845 suis
1017 794 1258 859 imposuit²
1275 802 1418 845 finem
1437 802 1657 844 molestiis
1676 816 1759 859 per
1777 803 2040 859 pugionem.

359 871 554 913 Duobus
571 871 684 913 alter
713 870 825 927 125¹}
852 885 907 912 ex
923 870 1211 912 conducibus
1228 869 1288 911 ad
1305 869 1502 926 prelium
1519 869 1858 926 presubstitutis
1875 870 2043 910 autori-

359 938 447 980 bus
466 939 650 995 agmine
668 938 806 979 citato
825 928 1016 979 recedit³
1036 951 1062 979 a
1079 937 1242 979 Grecia
1261 936 1370 978 solis
1390 937 1653 978 sauciorum
1670 950 1778 978 cum
1797 949 1825 978 x
1844 935 2042 978 milibus.

424 1004 523 1059 [42]
545 1004 636 1047 Sed
654 1004 740 1047 sibi
757 1005 821 1047 sic
839 1019 922 1061 per
938 1003 1099 1061 fugam
1115 1003 1406 1046 consulentes
1424 1004 1578 1045 omine
1594 1017 1689 1045 non
1705 1004 1858 1045 minus
1875 1002 2042 1045 infelici

359 1072 606 1114 fortunaue
617 1071 821 1114 Delficus
834 1077 903 1113 est
914 1072 1048 1128 vigor
1060 1076 1328 1128 persecutus
1341 1085 1482 1127 quam
1495 1076 1793 1112 remanentes.
1805 1069 2042 1127 Siquidem

360 1140 545 1197 pauidis
571 1145 668 1182 atra
694 1154 785 1182 nox
810 1145 879 1181 est
905 1140 1056 1181 omnis
1082 1144 1308 1181 tectorum
1334 1140 1432 1180 sine
1456 1139 1649 1188 solaciis,
1674 1138 1827 1180 nullus
1853 1138 2043 1179 omnino

361 1207 460 1249 dies
480 1212 608 1249 actus
628 1207 824 1248 summis
843 1207 942 1248 sine
960 1206 1210 1248 sudoribus
1229 1205 1716 1247 continuacionibusue
1734 1204 2043 1280 periculorum

360 1275 675 1331 pernicissime
696 1274 1031 1330 peremptoriis.
1052 1273 1142 1314 Sed
1164 1278 1209 1314 et
1230 1272 1414 1329 ymbres
1436 1272 1624 1321 assidui,
1645 1277 1946 1327 concretaque
1966 1272 2043 1312 nix

360 1346 404 1382 et
431 1340 550 1397 gelu,
575 1340 804 1396 famisque
829 1340 1067 1396 pernicies
1092 1345 1136 1381 et
1162 1338 1387 1380 lassitudo
1413 1353 1521 1380 suas
1547 1338 1823 1394 suppleuere
1847 1338 1971 1379 vices
1997 1338 2045 1379 in

360 1407 678 1449 molestiarum
699 1406 1188 1463 superhabundanciis.
1211 1405 1404 1447 Infelicis
1426 1406 1571 1446 eciam
1593 1410 1687 1446 tam
1709 1396 1917 1446 miseras‘¹
1938 1403 2044 1445 belli

360 1475 705 1516 remanencium
743 1473 957 1529 reliquias
996 1474 1073 1514 uix
1112 1473 1476 1514 intermissamm
1514 1471 1856 1527 sompniculose
1894 1475 2044 1527 prote-

360 1541 559 1583 laciones
596 1540 942 1597 pervigiliarum
979 1539 1222 1581 molestare
1257 1544 1582 1580 consumatum
1619 1542 1946 1580 mansuescunt
1981 1536 2041 1578 ad

360 1609 607 1650 interitum.
622 1608 794 1649 Gentes
810 1607 956 1649 eciam
970 1607 1278 1663 nacionesque
1293 1605 1460 1662 quibus
1476 1620 1571 1647 non
1584 1606 1672 1647 nisi
1686 1619 1773 1647 suo
1788 1618 2044 1646 commora-

360 1675 527 1716 bantur
554 1675 733 1716 enormi
760 1674 979 1731 periculo,
1007 1673 1123 1715 dum
1151 1673 1273 1715 fame
1300 1672 1513 1729 fatigatos
1541 1662 1855 1729 palantesque⁵
1883 1685 2044 1727 specu-

361 1742 512 1783 lantur
525 1747 570 1783 et
582 1755 743 1798 vagos,
756 1755 806 1783 se
819 1741 947 1782 velut
961 1740 1021 1782 ad
1036 1740 1231 1797 predam
1245 1754 1434 1796 prorsus
1449 1740 1639 1796 impune
1652 1738 1949 1780 consederant
1962 1751 2042 1779 eos

361 1809 425 1855 ire
463 1808 710 1865 direptum.
748 1809 818 1850 Sic
855 1808 1009 1864 itaque
1047 1807 1236 1849 tandem
1274 1821 1345 1848 res
1383 1798 1552 1855 talem,⁶
1588 1805 1720 1847 Delio
1757 1810 2044 1862 procurante,

361 1881 548 1932 tamque
566 1875 814 1932 specialem
832 1874 1019 1917 devenit
1038 1874 1098 1916 ad
1117 1874 1260 1916 finem
1277 1873 1404 1930 quod
1423 1874 1622 1915 exercitu
1641 1872 1700 1915 de
1719 1878 1812 1914 tam
1830 1885 2044 1914 numero-

361 1957 428 1993 so,
441 1944 521 2000 qui
533 1957 725 1985 suarum
738 1942 911 1985 fiducia
923 1943 1094 1984 virium
1107 1955 1256 1998 nuper
1268 1942 1407 1983 etiam
1418 1946 1576 1982 contra
1590 1940 1704 1982 deos
1716 1939 2045 1981 contumaciter

360 2016 405 2052 et
436 2010 647 2052 homines
680 2009 959 2052 contendere
990 2023 1086 2051 non
1116 2008 1385 2057 hesitabant,
1417 2007 1492 2049 uel
1524 2007 1583 2049 ad
1617 2007 1888 2049 memoriam
1921 2011 2044 2047 tante

360 2077 504 2119 cladis
525 2091 607 2119 nec
627 2091 749 2119 vnus
770 2091 911 2133 super
930 2081 1051 2118 esset
1070 2076 1224 2118 homo.

425 2144 524 2199 [43.]
546 2145 735 2197 Junonis
760 2145 906 2186 eciam
930 2143 1100 2199 wlgata
1125 2143 1235 2184 satis
1260 2147 1328 2184 est
1353 2147 1397 2184 et
1423 2141 1612 2183 triuialis
1637 2140 2044 2196 vniuersaliterque

360 2217 470 2254 nota
494 2211 670 2288 penalis
695 2211 791 2253 ob
780 2211 968 2253 iniurias
993 2225 1019 2252 a
1043 2210 1203 2252 Fuluio
1226 2223 1415 2251 censore
1439 2209 1524 2251 sibi
1547 2208 1875 2250 contumaciter
1898 2206 2043 2249 illatas

360 2279 496 2329 ulcio,
533 2280 779 2336 grauisque
817 2292 1014 2335 sequens
1052 2278 1100 2319 in
1135 2267 1581 2334 predelinquentem⁷
1617 2275 1831 2317 vindicta.
1869 2275 2045 2316 Censor

361 2347 485 2389 enim
518 2361 603 2388 sua
635 2346 822 2388 Fuluius
856 2346 904 2387 in
935 2359 1142 2394 censura,
1143 2336 1160 2363 ⁸
1192 2358 1300 2386 cum
1334 2343 1509 2400 tegulas
1542 2357 1596 2384 ex
1629 2342 1814 2384 Iunonis
1847 2332 2044 2383 Lacinie⁹

362 2413 536 2470 templo
553 2427 836 2455 marmoreas
853 2413 901 2454 in
915 2412 1146 2468 Equestris
1162 2411 1299 2453 edem
1315 2411 1523 2459 Fortune,
1539 2424 1679 2466 quam
1696 2410 1839 2451 Rome
1855 2414 2045 2450 temera-

435 2634 446 2656 ¹
464 2640 627 2674 Terribili
645 2641 679 2680 S,
696 2645 811 2674 terrae
825 2639 933 2682 lustin

435 2690 448 2713 ²
465 2695 657 2742 imponere
673 2696 696 2729 S

435 2747 449 2769 ³
465 2752 614 2795 recedit]
632 2751 761 2787 recidit
778 2752 812 2791 S,
827 2751 969 2786 excedit
986 2750 1093 2793 lustin

435 2802 449 2824 ⁴
466 2809 618 2843 miseras
632 2808 754 2852 lustin,
771 2807 924 2842 miseros
941 2808 964 2841 S

435 2858 449 2881 ⁵
465 2864 720 2912 palantesque]
738 2864 993 2911 pallantesque
1011 2864 1045 2903 S,
1061 2863 1228 2909 palantes
1243 2861 1350 2906 lustin

435 2916 450 2937 ⁶
466 2921 537 2955 tale
554 2922 576 2955 S

436 2972 451 2995 ⁷
466 2977 772 3024 predelinquente
789 2978 812 3011 S

435 3027 449 3050 ⁸
466 3034 504 3069 in
520 3033 688 3077 censura]
706 3034 900 3068 incensum
918 3033 940 3067 S

436 3084 451 3106 ⁹
467 3090 624 3134 Lacinie]
644 3090 812 3124 Laciniae
832 3089 993 3129 Valerius,
1010 3088 1136 3122 Latine
1152 3089 1175 3121 S
