2132 3346
233 479 285 504 43⁵

232 1483 284 1507 450

231 1817 283 1841 455

231 2153 283 2178 460

348 129 438 170 100
574 137 762 171 SERIUM
783 137 1088 172 SENECTUTIS

411 261 511 316 [27.]
534 262 707 304 Incerta
733 262 848 320 quid
876 268 1030 319 ageret
1056 263 1254 305 Arsinoe
1281 264 1390 306 satis
1417 269 1487 306 est
1513 269 1558 306 et
1585 264 1813 321 perplexa:
1841 265 2029 308 timebat

347 330 471 371 enim
501 330 541 371 si
571 330 770 371 mitteret
800 331 1007 386 peruersi
1038 331 1239 386 periurio
1269 331 1602 373 circumueniri.
1632 332 1678 373 Si
1707 345 1820 373 uero
1851 333 2030 374 mittere

347 395 683 452 supersederet,
699 395 897 438 fraterne
913 396 1087 438 rabiem
1102 396 1383 439 crudelitatis
1400 411 1483 453 per
1497 397 1584 439 hoc
1601 397 1661 440 ad
1679 398 2029 454 malignandum

346 462 591 505 verebatur
606 463 876 505 exacerbari.
892 464 995 505 Suis
1012 464 1165 520 itaque
1181 463 1317 520 longe
1332 465 1479 520 magis
1496 469 1706 506 metuens
1721 465 1872 507 liberis
1887 479 2030 522 quam

347 529 447 579 sibi,
467 531 564 571 suis
585 544 641 572 ex
662 531 820 572 amicis
842 530 929 572 sibi
949 530 1315 572 familiarissimis
1335 544 1483 573 vnum
1503 532 1660 573 sanius
1682 531 1881 589 denique
1902 532 2030 574 ducit

347 596 408 638 ad
430 596 618 639 fratrem
640 597 898 639 transmitti.
920 598 1029 648 Quo
1050 597 1294 654 producto,
1315 597 1525 655 proditor
1546 597 1684 640 frater
1705 599 1826 640 Iouis
1847 599 1896 641 in
1916 604 2029 641 tem-

347 663 479 720 plum
495 663 727 720 religionis
745 665 1063 720 antiquissime
1078 665 1169 706 ritu
1186 678 1369 706 summe
1384 665 1657 714 verendum,
1672 679 1780 707 suas
1798 667 1847 707 in
1862 680 2028 708 manus

347 729 680 787 amplexusque
700 731 899 787 sumptis
920 730 1152 780 altaribus,
1170 731 1439 787 contingens
1459 736 1504 773 et
1524 731 1799 774 simulachra
1818 731 2030 789 puluina-

347 797 504 853 riaque
540 797 752 846 deorum,
788 797 875 839 sibi
909 798 1261 853 conceptissime
1296 797 1526 839 mandatis
1561 798 1734 840 ultimis
1770 812 1951 840 necnon
1983 803 2029 840 et

346 863 589 905 horrendis
614 863 834 920 dictuque
858 863 970 905 diris
994 864 1376 914 execracionibus,
1400 865 1518 906 iurat
1542 866 1712 907 sororis
1735 865 1831 907 fide
1854 865 2029 907 sincera

346 944 508 987 pecere
521 931 884 980 matrimonium,
896 944 1038 987 seque
1050 932 1256 987 reginam
1268 931 1379 973 citra
1392 930 1579 973 fraudes
1592 945 1696 974 eam
1708 931 1896 989 fideque
1907 931 2029 974 bona

346 1002 738 1054 nuncupaturum,
752 1012 836 1040 nec
850 998 950 1039 eius
965 998 1014 1039 in
1027 997 1355 1040 contumeliam
1369 1012 1419 1040 se
1433 998 1687 1040 secundam
1701 998 1777 1040 uel
1791 998 1929 1041 aliam
1943 998 2030 1041 sibi

345 1065 592 1121 coniugem
613 1064 1070 1121 superinductumm,
1091 1079 1174 1106 nec
1196 1064 1310 1107 alios
1331 1079 1472 1122 quam
1493 1064 1614 1107 filios
1635 1066 1734 1107 eius
1756 1065 1842 1107 sibi
1862 1065 2028 1107 liberos

346 1131 624 1173 habiturum.

410 1198 510 1253 [28.]
531 1199 602 1240 Sic
615 1199 754 1255 igitur
765 1199 977 1248 Arsinoe,
990 1204 1239 1255 postquam
1251 1204 1372 1241 certa
1385 1200 1502 1241 sicut
1514 1199 1842 1241 verisimillime
1854 1200 2029 1241 coniec-

346 1265 471 1307 tabat
495 1257 595 1322 spe¹
621 1265 893 1307 confirmata
918 1265 1067 1307 fuerat
1092 1267 1311 1322 omnique
1336 1271 1463 1308 metu
1488 1267 1841 1323 suspicioneque
1865 1266 2029 1315 soluta,

345 1331 616 1373 beniuolum
637 1331 788 1374 fratris
809 1333 935 1373 venit
957 1333 1006 1374 in
1025 1332 1320 1389 colloquium.
1343 1333 1488 1374 Cuius
1510 1347 1618 1374 cum
1638 1333 1776 1374 wltus
1798 1324 2029 1389 oculique²

345 1398 632 1441 blandientes
671 1398 817 1441 fidem
855 1413 951 1441 non
988 1400 1216 1441 minorem
1253 1413 1394 1456 quam
1432 1400 1675 1456 prestitum
1712 1400 2029 1456 promitterent

346 1466 684 1516 iusiurandum,
700 1466 851 1508 fratris
867 1480 918 1508 se
933 1466 1183 1508 letabunda
1198 1467 1405 1523 copulari
1420 1468 1591 1523 patitur
1606 1468 1655 1508 in
1669 1467 2027 1509 matrimonium.

345 1533 540 1590 Nupciis
562 1534 743 1590 magnis
765 1525 1082 1590 apparatibus³
1104 1534 1406 1590 omniumque
1428 1533 1586 1575 leticiis
1621 1533 1732 1590 Ι21Ἰ
1765 1533 2029 1575 indifferen-

346 1605 413 1641 ter
427 1592 697 1649 celebratis}
713 1599 773 1642 ad
789 1601 1152 1657 concionemque
1166 1606 1421 1642 convocato
1437 1601 1554 1642 sicut
1568 1600 1916 1642 consuetudinis
1932 1605 2029 1642 erat

345 1667 558 1716 exercitu,
578 1668 717 1723 capiti
737 1667 970 1723 dyadema
990 1668 1160 1708 sororis
1181 1681 1207 1709 a
1227 1667 1364 1709 fratre
1385 1667 1698 1723 sollempniter
1716 1668 1982 1723 irnponitur;
2002 1680 2029 1708 a

345 1733 483 1775 fratre
502 1734 659 1790 regina
679 1747 811 1775 soror
829 1733 1099 1790 appellatur.

393 1799 509 1855 ,[29.]
531 1801 640 1851 Quo
670 1801 858 1842 nomine
888 1815 997 1842 mox
1028 1801 1076 1842 in
1105 1800 1275 1842 leticias
1305 1802 1517 1857 Arsynoe
1546 1800 1694 1857 largas
1725 1800 1891 1849 infusa,
1920 1801 2028 1856 quia

345 1866 473 1923 quod
509 1872 658 1908 morte
693 1867 845 1909 mariti
879 1866 1123 1909 Lisimachi
1158 1868 1323 1924 prioris
1359 1868 1572 1909 amiserat
1606 1881 1694 1909 suo
1729 1868 1822 1909 iam
1856 1866 2028 1908 iudicio

345 1939 673 1990 recuperasset,
707 1934 829 1976 ultro
864 1934 1019 1976 virum
1054 1934 1219 1976 mulier
1253 1935 1301 1976 in
1335 1934 1498 1976 urbem
1532 1948 1666 1976 suam
1701 1933 2028 1976 Cassandriam

346 2000 555 2058 gaudens
574 2002 750 2051 invitat,
768 2002 900 2044 cuius
920 2001 1046 2044 urbis
1065 2001 1317 2058 cupiditate
1336 2001 1462 2044 fraus
1481 2001 1600 2043 adeo
1619 2001 1813 2043 sordens
1831 2006 1877 2043 et
1895 2000 2028 2043 inhu-

345 2082 482 2110 mana
510 2074 765 2126 prestructa
790 2068 951 2111 fuerat.
980 2070 1268 2125 Preingressa
1295 2069 1355 2111 de
1381 2069 1485 2111 hinc
1512 2069 1674 2110 urbem
1700 2070 1867 2118 virum,
1892 2068 2028 2110 ferias

345 2127 523 2178 indicit⁵
550 2136 653 2178 urbi
681 2136 899 2193 diemque
926 2127 1167 2178 festiuum⁶
1193 2137 1280 2178 viri
1307 2137 1420 2178 noui
1446 2141 1635 2193 propter
1662 2136 1930 2178 aduentum.
1959 2136 2027 2178 De

345 2217 474 2245 more
494 2203 666 2260 templa
685 2208 926 2259 ceteraque
945 2203 1071 2245 iubet
1089 2204 1299 2245 exornari
1317 2194 1530 2259 singula,⁷
1548 2203 1631 2245 sed
1651 2208 1696 2245 et
1715 2216 1816 2244 aras
1835 2202 2028 2244 hostias-

345 2284 435 2327 que
466 2270 666 2327 disponi,·
697 2269 818 2313 filios
849 2271 995 2313 eciam
1026 2284 1137 2313 suos
1170 2270 1479 2327 (Lisymacum
1509 2269 1712 2312 sedecim
1742 2274 1850 2312 tunc
1881 2283 2027 2312 annos

344 2343 520 2388 natum,
557 2338 914 2395 Philippumque
951 2339 1146 2380 triennio
1183 2338 1443 2394 minorem),
1479 2337 1628 2380 forma
1665 2338 1774 2380 satis
1812 2338 2027 2394 insignes,

343 2407 546 2448 venienti
574 2406 700 2448 iubet
729 2420 966 2448 occurrere
994 2411 1250 2448 coronatos.
1280 2406 1411 2457 Quos
1440 2405 1716 2455 Ptolomeus,
1745 2405 1806 2447 ad
1835 2404 2028 2447 obnubi-

345 2473 533 2515 landam
549 2473 727 2515 fraudis
745 2473 1090 2529 malignitatem,
1105 2473 1275 2529 cupide
1292 2474 1428 2515 nimis
1445 2478 1490 2515 et
1506 2473 1623 2515 ultra
1641 2472 1838 2515 modum
1854 2473 2027 2514 sincere

418 2681 429 2704 ¹
447 2697 513 2733 spe
527 2687 649 2730 lustin,
665 2697 753 2733 sepe
769 2687 793 2722 S

417 2738 430 2760 ²
446 2743 557 2778 wltus
573 2743 758 2790 oculique]
775 2743 901 2778 vultus
917 2749 953 2778 et
970 2770 977 2778 .
992 2770 1000 2778 .
1015 2770 1022 2778 .
1038 2743 1135 2778 oculi
1151 2743 1272 2787 lustin,
1287 2743 1419 2777 wltum
1435 2743 1635 2789 oculosque
1651 2743 1674 2777 S

416 2793 431 2816 ³
446 2800 698 2846 apparatibus]
716 2800 918 2846 apparibus
935 2801 969 2840 S,
985 2806 1165 2846 apparatu
1180 2800 1288 2843 lustin

416 2850 431 2872 ⁴
447 2856 593 2903 Nupcie
610 2883 617 2891 .
635 2883 642 2891 .
660 2883 667 2891 .
684 2856 983 2891 indifferentibus
998 2856 1267 2890 celebrantibus
1283 2857 1307 2890 S

417 2905 431 2928 ⁵
446 2911 576 2945 indicit
590 2911 713 2955 lustin,
729 2911 872 2946 inducit
888 2912 923 2951 S,
939 2911 1076 2945 indecit
1093 2912 1130 2945 Sc

416 2962 431 2984 ⁶
446 2967 698 3014 festiuumque
714 2968 737 3002 S

416 3016 431 3039 ⁷
446 3024 584 3070 templa
605 3030 799 3070 ceteraque
896 3023 1055 3070 singula]
1079 3023 1217 3070 templa
1238 3029 1430 3069 ceteraque
1525 3022 1651 3056 omnia
1672 3022 1793 3065 lustin,
1814 3021 2026 3067 templaque

343 3086 460 3115 cetera
478 3107 486 3115 .
500 3107 507 3115 .
522 3107 530 3114 .
547 3080 693 3127 singula
710 3081 734 3115 S
