2132 3346
257 369 308 393 195

257 703 308 728 200

258 1036 308 1061 205

258 1373 309 1398 210

259 1707 310 1732 215

260 2042 311 2067 220

261 2380 311 2405 225

369 151 459 192 208
596 158 784 192 SERIUM
805 158 1111 191 SENECTUTIS

369 285 439 326 cia
456 289 552 326 tam
568 282 961 325 commendabiles
979 283 1162 340 argucie
1178 297 1281 324 mee
1297 282 1523 332 ruditatis,
1539 287 1591 324 ut
1606 287 1651 324 et
1668 296 1809 339 supra
1824 282 2053 324 succincta

370 351 459 393 sub
477 351 701 393 breuitate
720 351 894 399 notauil
915 355 1010 392 tam
1030 350 1155 392 nulle
1174 349 1435 392 nullatenus
1455 349 1722 391 ascribende
1741 349 1868 391 velut
1887 348 2054 391 iniciali

369 432 453 460 nec
467 419 613 460 eciam
627 417 997 460 cachinnabiliter
1010 422 1119 459 sunt
1132 417 1407 466 inuencioni,
1420 416 1503 458 sed
1519 416 1638 458 adeo
1651 415 2055 458 fundamentaliter

383 485 501 542 156Ἴ
532 484 793 527 effusorum
812 489 1000 541 tamque
1019 475 1325 526 laudabiliter¹
1346 488 1627 525 assertorum
1646 488 1899 540 spontanee
1918 482 2054 525 dum-

370 558 493 594 taxat
507 557 552 594 et
568 557 928 609 presumptuose
943 557 1100 593 tamen
1113 551 1386 592 imitacionis
1403 549 1648 592 dulcedini.
1665 550 2054 606 Concupiscencie

369 619 562 675 quidem
579 619 951 674 intemperancia,
970 617 1279 673 desideriique
1295 617 1580 659 vehementis
1599 616 1842 672 impulsus!
1859 615 2054 658 delecta-

369 686 576 728 cionisue
612 685 689 727 uel
727 685 959 741 appetitus
997 683 1298 725 exuberancia
1336 697 1525 725 mouere
1563 682 1733 724 multos
1771 696 2054 724 consueuere

369 751 572 795 crebrius
598 751 791 794 audacie
815 765 912 793 non
936 751 1090 793 minus
1115 764 1257 807 quam
1282 749 1669 806 magnanimitatis
1695 748 1755 791 ad
1781 747 2054 797 euentualia,

369 818 658 860 fortunaliter
679 823 724 859 et
747 817 808 859 ad
832 817 1111 866 eueniencial
1133 808 1329 858 nedum²
1352 816 1452 872 spei
1474 815 1549 857 uel
1572 814 1851 871 aliquantule
1873 815 2054 856 certitu-

371 885 492 927 dinis
511 883 858 927 incitacionibus
877 884 1131 925 excitatiua.
1150 883 1324 925 Revera
1342 882 1478 938 longe
1496 881 1673 924 facilius
1691 886 1760 924 est
1778 880 2056 938 originaliter

371 952 529 994 alienis
552 951 611 994 ab
631 951 982 993 inuencionibus
1005 950 1119 1007 quid
1141 951 1274 1006 quasi
1295 950 1482 991 nomine
1504 950 1655 991 mutui
1676 949 1814 1005 gratis
1836 949 2054 1004 accipere,

370 1019 549 1075 sibique
582 1018 788 1075 quadam
821 1017 1082 1074 superficiei
1115 1016 1203 1059 sub
1235 1016 1385 1058 forma
1418 1016 1785 1072 presumpcionis
1818 1014 2055 1063 ascribere,

370 1100 512 1142 quam
545 1085 658 1142 quid
692 1084 928 1126 inicialiter
960 1083 1285 1140 laboribusque
1317 1083 1580 1124 studiorum
1613 1097 1707 1124 non
1738 1082 2054 1138 pretemptatis

371 1152 653 1195 adinuenire.
667 1153 1033 1208 Verumptamen
1044 1165 1140 1193 non
1152 1151 1342 1192 omnino
1355 1151 1529 1192 censeri
1542 1149 1678 1191 debet
1691 1163 1718 1191 a
1731 1163 1841 1191 sane
1854 1149 2055 1191 sencien-

371 1219 493 1262 tibus
527 1218 882 1277 inappreciabile
916 1219 1243 1275 preinuentum
1276 1217 1352 1260 uel
1386 1217 1613 1274 aliquibus
1647 1206 2055 1259 subornacionum³

371 1287 697 1330 subtilitatibus
710 1287 867 1329 conari
879 1285 1334 1336 decorare1formaue
1346 1284 1421 1327 uel
1434 1284 1720 1341 aliquatenus
1733 1285 1781 1326 in
1792 1282 2055 1340 superficia-

371 1355 402 1398 li
421 1355 674 1398 meliorare.
695 1353 949 1406 Quodlibet
968 1353 1175 1410 profecto
1193 1351 1619 1395 commendabiliter
1638 1352 1879 1394 inuentum
1898 1364 2055 1407 proce—

372 1423 482 1465 dere
499 1423 743 1465 consueuit
761 1421 821 1464 ad
840 1421 1184 1463 emendacionis
1204 1425 1542 1476 argumentum,
1560 1420 1599 1461 si
1616 1417 2056 1461 commendabilium

371 1489 508 1532 fuerit
518 1489 577 1531 ab
586 1490 958 1546 appreciatorum
969 1487 1182 1530 manibus
1194 1486 1485 1529 mentibusue
1495 1485 1789 1528 sciencialiter
1799 1490 2054 1541 exceptum.

372 1558 547 1598 Reuera
577 1557 654 1598 vix
686 1561 755 1597 est
786 1547 934 1612 quod⁴¹
966 1555 1262 1596 inuenciones
1293 1555 1342 1595 in
1370 1553 1639 1595 utilitatibus
1671 1551 2056 1594 subtilitatibusue

372 1624 536 1665 merito
553 1621 947 1664 commendabiles
963 1635 1097 1663 veras
1113 1626 1392 1676 vegetesque
1407 1620 1593 1661 veniant
1610 1619 1670 1661 ad
1688 1618 2056 1674 appreciaciones

372 1695 638 1746 temporum
659 1689 903 1730 dierumue
923 1702 1006 1744 per
1026 1687 1361 1729 diuturnitates.

437 1756 536 1810 [13.]
558 1757 629 1798 Sic
645 1757 813 1811 itaque,
827 1756 892 1797 mi
906 1768 1097 1796 consors
1113 1754 1334 1809 Philippe'
1349 1754 1436 1795 nisi
1452 1758 1530 1794 tua
1546 1758 1640 1794 tam
1654 1753 1781 1793 varia
1795 1751 1996 1793 volueris
2012 1755 2057 1792 et

373 1823 525 1866 adhuc
557 1824 605 1865 in
633 1821 981 1865 contradicendi
1011 1821 1285 1878 procacitate
1316 1825 1561 1877 proteruus
1592 1832 1899 1876 perseuerare,
1928 1816 2056 1874 quod

373 1891 526 1932 anima
544 1891 602 1932 sit
619 1889 823 1932 humana
840 1903 936 1931 non
953 1888 1207 1930 deficientis
1225 1877 1567 1930 inmortalitate⁵
1584 1885 1900 1943 perpetuitatis
1917 1884 2058 1941 priui-

373 1957 537 2014 legiata
564 1957 645 1999 tibi
671 1957 923 1999 certissime
951 1955 1088 1998 debet
1115 1960 1160 1998 et
1187 1969 1325 1997 omne
1351 1955 1461 1996 citra
1489 1953 1685 1996 dubium
1711 1957 1932 1995 constare.
1959 1951 2057 1994 Nec

373 2026 527 2067 minus
544 2023 856 2066 vniuersalem
872 2024 984 2065 citra
1002 2013 1365 2065 dubitacionem6
1382 2020 1754 2077 summipotentis
1772 2019 1858 2061 Dei
1875 2018 2058 2060 dumta-

373 2097 449 2134 xat
467 2097 512 2134 et
531 2092 669 2134 vnius
689 2105 907 2148 supreme
926 2090 1264 2132 maiestatiuam
1283 2089 1401 2131 circa
1421 2088 1680 2145 potenciam
1700 2086 1957 2144 prepositas
1977 2098 2059 2142 per

374 2159 675 2218 probaciones
690 2158 810 2201 adeo
824 2158 1103 2201 necessarias
1118 2162 1163 2199 et
1177 2157 1225 2199 in
1237 2157 1440 2198 veritatis
1455 2155 1710 2197 sinceritate
1723 2151 2058 2196 fundamentali

373 2227 617 2270 stabilitate
642 2232 737 2269 tam
761 2226 896 2269 firma
921 2225 1142 2268 solidatas
1166 2225 1461 2273 certissimus,
1485 2224 1573 2265 nisi
1596 2227 1843 2264 contumax
1867 2221 2058 2263 omnino

373 2295 515 2338 fueris
542 2301 586 2337 et
613 2294 812 2344 exfrons,
838 2308 939 2335 esse
966 2292 1170 2342 debebis!
1196 2292 1436 2349 presertim
1462 2305 1569 2332 cum
1596 2289 1793 2331 salutare
1819 2288 1899 2330 tibi
1925 2288 1983 2330 sit
2009 2286 2057 2329 id

374 2362 650 2411 admodum!
671 2363 729 2404 sit
749 2366 794 2403 et
815 2361 967 2403 oneris
988 2359 1356 2402 cachinnabiliter
1377 2357 1678 2414 importabilis
1699 2355 2059 2398 laudabilissime

387 2429 500 2486 157¹!
546 2428 908 2471 reclamatiuum.
943 2428 1008 2469 Sit
1042 2427 1187 2468 eciam
1222 2425 1376 2482 plures
1411 2425 1636 2466 sustinere
1669 2422 1807 2465 simul
1842 2422 2058 2463 dominos

374 2509 711 2538 numerososue
726 2494 1044 2551 geniculariter
1057 2493 1251 2535 adorare
1266 2492 1380 2534 deos
1395 2491 1596 2533 humane
1611 2489 1888 2546 simplicitati
1901 2487 2058 2530 condi-

373 2563 518 2605 cionis
539 2562 933 2605 onerosissimum.

439 2630 538 2684 [14.]
561 2631 630 2672 Sis
649 2630 800 2686 igitur,
817 2629 865 2671 ni
884 2628 1030 2685 (quod
1049 2627 1182 2683 absit)
1202 2625 1490 2668 derisibiliter
1507 2625 1716 2680 desipere
1734 2637 1875 2680 quam
1892 2636 2058 2664 sanum

449 2817 460 2839 ¹
479 2822 787 2869 laudabiliterque
804 2823 827 2856 S

449 2873 462 2895 ²
478 2890 526 2914 ne
542 2879 636 2914 dum
654 2879 676 2913 S

449 2930 463 2952 ³
479 2934 781 2970 subortacionum
799 2934 822 2968 S

449 2987 463 3009 ⁴
479 2992 543 3038 qui
561 2993 584 3026 S

450 3041 464 3064 ⁵
480 3048 700 3082 mortalitate
717 3048 739 3081 S

450 3098 464 3120 ⁶
480 3104 758 3138 dubitacionem
774 3103 822 3137 ed.
