<?xml version="1.0" encoding="UTF-8"?>
<!DOCTYPE html PUBLIC "-//W3C//DTD XHTML 1.0 Transitional//EN"
    "http://www.w3.org/TR/xhtml1/DTD/xhtml1-transitional.dtd">
<html xmlns="http://www.w3.org/1999/xhtml" xml:lang="en" lang="en">
 <head>
  <title>
</title>
<meta http-equiv="Content-Type" content="text/html;charset=utf-8" />
  <meta name='ocr-system' content='tesseract 3.04.00' />
  <meta name='ocr-capabilities' content='ocr_page ocr_carea ocr_par ocr_line ocrx_word'/>
</head>
<body>
  <div class='ocr_page' id='page_1' title='image "./seriumsenectutis00eliauoft_0236.png"; bbox 0 0 2132 3346; ppageno 0'>
   <div class='ocr_carea' id='block_1_1' title="bbox 255 700 289 725">
    <p class='ocr_par' dir='ltr' id='par_1_1' title="bbox 255 700 289 725">
     <span class='ocr_line' id='line_1_1' title="bbox 255 700 289 725; baseline -0.029 0"><span class='ocrx_word' id='word_1_1' title='bbox 255 700 289 725; x_wconf 87' lang='lat'>55</span> 
     </span>
    </p>
   </div>
   <div class='ocr_carea' id='block_1_2' title="bbox 253 1369 288 1394">
    <p class='ocr_par' dir='ltr' id='par_1_2' title="bbox 253 1369 288 1394">
     <span class='ocr_line' id='line_1_2' title="bbox 253 1369 288 1394; baseline 0.029 -1"><span class='ocrx_word' id='word_1_2' title='bbox 253 1369 288 1394; x_wconf 87' lang='lat'>65</span> 
     </span>
    </p>
   </div>
   <div class='ocr_carea' id='block_1_3' title="bbox 253 1703 287 1728">
    <p class='ocr_par' dir='ltr' id='par_1_3' title="bbox 253 1703 287 1728">
     <span class='ocr_line' id='line_1_3' title="bbox 253 1703 287 1728; baseline 0 0"><span class='ocrx_word' id='word_1_3' title='bbox 253 1703 287 1728; x_wconf 92' lang='lat'>70</span> 
     </span>
    </p>
   </div>
   <div class='ocr_carea' id='block_1_4' title="bbox 253 2039 287 2063">
    <p class='ocr_par' dir='ltr' id='par_1_4' title="bbox 253 2039 287 2063">
     <span class='ocr_line' id='line_1_4' title="bbox 253 2039 287 2063; baseline 0 0"><span class='ocrx_word' id='word_1_4' title='bbox 253 2039 287 2063; x_wconf 88' lang='grc'>75</span> 
     </span>
    </p>
   </div>
   <div class='ocr_carea' id='block_1_5' title="bbox 352 150 1092 193">
    <p class='ocr_par' dir='ltr' id='par_1_5' title="bbox 352 150 1092 193">
     <span class='ocr_line' id='line_1_5' title="bbox 352 150 1092 193; baseline 0.003 -2"><span class='ocrx_word' id='word_1_5' title='bbox 352 150 441 191; x_wconf 86' lang='grc'>220</span> <span class='ocrx_word' id='word_1_6' title='bbox 578 158 766 192; x_wconf 86' lang='lat' dir='ltr'><strong>SERIUM</strong></span> <span class='ocrx_word' id='word_1_7' title='bbox 787 159 1092 193; x_wconf 89' lang='lat' dir='ltr'><strong>SENECTUTIS</strong></span> 
     </span>
    </p>
   </div>
   <div class='ocr_carea' id='block_1_6' title="bbox 347 283 2035 2550">
    <p class='ocr_par' dir='ltr' id='par_1_6' title="bbox 350 283 2035 1061">
     <span class='ocr_line' id='line_1_6' title="bbox 350 283 2035 340; baseline 0.003 -16"><span class='ocrx_word' id='word_1_8' title='bbox 350 283 601 325; x_wconf 92' lang='lat' dir='ltr'>conviuant</span> <span class='ocrx_word' id='word_1_9' title='bbox 617 283 965 340; x_wconf 89' lang='lat' dir='ltr'>inuariabilique</span> <span class='ocrx_word' id='word_1_10' title='bbox 982 283 1224 340; x_wconf 87' lang='lat' dir='ltr'>proficiant</span> <span class='ocrx_word' id='word_1_11' title='bbox 1241 285 1289 326; x_wconf 91' lang='lat' dir='ltr'>in</span> <span class='ocrx_word' id='word_1_12' title='bbox 1303 286 1499 327; x_wconf 88' lang='lat' dir='ltr'>caritate.</span> <span class='ocrx_word' id='word_1_13' title='bbox 1517 286 1691 328; x_wconf 92' lang='lat' dir='ltr'>Reuera</span> <span class='ocrx_word' id='word_1_14' title='bbox 1707 286 1970 329; x_wconf 90' lang='lat' dir='ltr'>viuentibus</span> <span class='ocrx_word' id='word_1_15' title='bbox 1986 288 2035 329; x_wconf 92' lang='lat' dir='ltr'>in</span> 
     </span>
     <span class='ocr_line' id='line_1_7' title="bbox 350 350 2033 410; baseline 0.003 -19"><span class='ocrx_word' id='word_1_16' title='bbox 350 363 498 391; x_wconf 91' lang='lat' dir='ltr'>vnum</span> <span class='ocrx_word' id='word_1_17' title='bbox 514 350 761 392; x_wconf 90' lang='lat' dir='ltr'>convenire</span> <span class='ocrx_word' id='word_1_18' title='bbox 776 351 1083 393; x_wconf 90' lang='lat' dir='ltr'>conviuereve</span> <span class='ocrx_word' id='word_1_19' title='bbox 1099 352 1314 393; x_wconf 91' lang='lat' dir='ltr'>convenit</span> <span class='ocrx_word' id='word_1_20' title='bbox 1330 352 1571 401; x_wconf 90' lang='lat' dir='ltr'>vniuersis,</span> <span class='ocrx_word' id='word_1_21' title='bbox 1588 352 1671 394; x_wconf 91' lang='lat' dir='ltr'>sed</span> <span class='ocrx_word' id='word_1_22' title='bbox 1689 366 1800 395; x_wconf 89' lang='lat' dir='ltr'>sana</span> <span class='ocrx_word' id='word_1_23' title='bbox 1817 354 2033 410; x_wconf 89' lang='lat' dir='ltr'>precipue</span> 
     </span>
     <span class='ocr_line' id='line_1_8' title="bbox 351 415 2034 472; baseline 0.003 -15"><span class='ocrx_word' id='word_1_24' title='bbox 351 415 630 472; x_wconf 91' lang='lat' dir='ltr'>salutarique</span> <span class='ocrx_word' id='word_1_25' title='bbox 658 416 914 458; x_wconf 85' lang='lat' dir='ltr'>sodalitatis</span> <span class='ocrx_word' id='word_1_26' title='bbox 942 418 991 459; x_wconf 91' lang='lat' dir='ltr'>in</span> <span class='ocrx_word' id='word_1_27' title='bbox 1017 418 1343 459; x_wconf 89' lang='lat' dir='ltr'>conueniencia</span> <span class='ocrx_word' id='word_1_28' title='bbox 1370 418 1689 468; x_wconf 78' lang='lat' dir='ltr'>confederatis,</span> <span class='ocrx_word' id='word_1_29' title='bbox 1715 425 1760 461; x_wconf 90' lang='lat' dir='ltr'>et</span> <span class='ocrx_word' id='word_1_30' title='bbox 1787 420 1836 461; x_wconf 91' lang='lat' dir='ltr'>in</span> <span class='ocrx_word' id='word_1_31' title='bbox 1861 420 2034 462; x_wconf 88' lang='lat' dir='ltr'>vnitate</span> 
     </span>
     <span class='ocr_line' id='line_1_9' title="bbox 350 477 2034 542; baseline 0.002 -17"><span class='ocrx_word' id='word_1_32' title='bbox 350 482 463 525; x_wconf 89' lang='lat' dir='ltr'>fidei</span> <span class='ocrx_word' id='word_1_33' title='bbox 484 483 784 539; x_wconf 84' lang='lat' dir='ltr'>professionis</span> <span class='ocrx_word' id='word_1_34' title='bbox 806 488 851 526; x_wconf 91' lang='lat' dir='ltr'>et</span> <span class='ocrx_word' id='word_1_35' title='bbox 872 485 920 526; x_wconf 91' lang='lat' dir='ltr'>in</span> <span class='ocrx_word' id='word_1_36' title='bbox 939 483 1243 540; x_wconf 90' lang='lat' dir='ltr'>ydemptitate</span> <span class='ocrx_word' id='word_1_37' title='bbox 1263 477 1565 527; x_wconf 61' lang='lat' dir='ltr'>consociatis}</span> <span class='ocrx_word' id='word_1_38' title='bbox 1589 486 1876 528; x_wconf 89' lang='lat' dir='ltr'>Pertinaciter</span> <span class='ocrx_word' id='word_1_39' title='bbox 1896 487 2034 542; x_wconf 87' lang='lat' dir='ltr'>igitur</span> 
     </span>
     <span class='ocr_line' id='line_1_10' title="bbox 351 549 2032 610; baseline 0.002 -18"><span class='ocrx_word' id='word_1_40' title='bbox 351 549 524 592; x_wconf 89' lang='lat' dir='ltr'>amodo</span> <span class='ocrx_word' id='word_1_41' title='bbox 554 550 797 607; x_wconf 88' lang='lat' dir='ltr'>persistere</span> <span class='ocrx_word' id='word_1_42' title='bbox 826 564 1075 607; x_wconf 88' lang='lat' dir='ltr'>pergamus</span> <span class='ocrx_word' id='word_1_43' title='bbox 1104 551 1383 593; x_wconf 89' lang='lat' dir='ltr'>inuariabilis</span> <span class='ocrx_word' id='word_1_44' title='bbox 1412 552 1734 609; x_wconf 89' lang='lat' dir='ltr'>sinceriterque</span> <span class='ocrx_word' id='word_1_45' title='bbox 1765 552 1884 609; x_wconf 90' lang='lat' dir='ltr'>(licet</span> <span class='ocrx_word' id='word_1_46' title='bbox 1911 553 2032 610; x_wconf 90' lang='lat' dir='ltr'>sero)</span> 
     </span>
     <span class='ocr_line' id='line_1_11' title="bbox 351 616 2034 676; baseline 0.002 -18"><span class='ocrx_word' id='word_1_47' title='bbox 351 616 546 658; x_wconf 87' lang='lat' dir='ltr'>solidate</span> <span class='ocrx_word' id='word_1_48' title='bbox 564 617 793 659; x_wconf 88' lang='lat' dir='ltr'>societatis</span> <span class='ocrx_word' id='word_1_49' title='bbox 811 617 859 659; x_wconf 92' lang='lat' dir='ltr'>in</span> <span class='ocrx_word' id='word_1_50' title='bbox 876 618 1135 667; x_wconf 90' lang='lat' dir='ltr'>amenitate,</span> <span class='ocrx_word' id='word_1_51' title='bbox 1151 632 1245 674; x_wconf 93' lang='lat' dir='ltr'>quo</span> <span class='ocrx_word' id='word_1_52' title='bbox 1261 618 1417 660; x_wconf 91' lang='lat' dir='ltr'>valida</span> <span class='ocrx_word' id='word_1_53' title='bbox 1434 619 1578 660; x_wconf 90' lang='lat' dir='ltr'>vitam</span> <span class='ocrx_word' id='word_1_54' title='bbox 1595 619 1857 676; x_wconf 89' lang='lat' dir='ltr'>salubrique</span> <span class='ocrx_word' id='word_1_55' title='bbox 1873 620 2034 662; x_wconf 90' lang='lat' dir='ltr'>transi-</span> 
     </span>
     <span class='ocr_line' id='line_1_12' title="bbox 352 678 2034 743; baseline 0.002 -18"><span class='ocrx_word' id='word_1_56' title='bbox 352 697 516 740; x_wconf 90' lang='lat' dir='ltr'>gamus</span> <span class='ocrx_word' id='word_1_57' title='bbox 535 684 726 725; x_wconf 90' lang='lat' dir='ltr'>ulterius</span> <span class='ocrx_word' id='word_1_58' title='bbox 744 698 856 726; x_wconf 91' lang='lat' dir='ltr'>sane</span> <span class='ocrx_word' id='word_1_59' title='bbox 873 684 1176 741; x_wconf 89' lang='lat' dir='ltr'>salutarisque</span> <span class='ocrx_word' id='word_1_60' title='bbox 1194 685 1449 727; x_wconf 88' lang='lat' dir='ltr'>sodalitatis</span> <span class='ocrx_word' id='word_1_61' title='bbox 1467 687 1515 727; x_wconf 93' lang='lat' dir='ltr'>in</span> <span class='ocrx_word' id='word_1_62' title='bbox 1532 678 1887 743; x_wconf 84' lang='lat' dir='ltr'>tranquillitate,²</span> <span class='ocrx_word' id='word_1_63' title='bbox 1903 686 2034 729; x_wconf 89' lang='lat' dir='ltr'>fidei-</span> 
     </span>
     <span class='ocr_line' id='line_1_13' title="bbox 351 750 2035 809; baseline 0.002 -17"><span class='ocrx_word' id='word_1_64' title='bbox 351 764 441 807; x_wconf 93' lang='lat' dir='ltr'>que</span> <span class='ocrx_word' id='word_1_65' title='bbox 466 750 766 793; x_wconf 90' lang='lat' dir='ltr'>saluberrima</span> <span class='ocrx_word' id='word_1_66' title='bbox 790 752 1090 793; x_wconf 90' lang='lat' dir='ltr'>conviuentes</span> <span class='ocrx_word' id='word_1_67' title='bbox 1115 751 1375 794; x_wconf 89' lang='lat' dir='ltr'>felicissime</span> <span class='ocrx_word' id='word_1_68' title='bbox 1400 752 1533 794; x_wconf 92' lang='lat' dir='ltr'>nobis</span> <span class='ocrx_word' id='word_1_69' title='bbox 1557 753 1961 809; x_wconf 90' lang='lat' dir='ltr'>comproficiamus</span> <span class='ocrx_word' id='word_1_70' title='bbox 1986 754 2035 796; x_wconf 92' lang='lat' dir='ltr'>in</span> 
     </span>
     <span class='ocr_line' id='line_1_14' title="bbox 351 817 2035 876; baseline 0.002 -17"><span class='ocrx_word' id='word_1_71' title='bbox 351 818 619 859; x_wconf 86' lang='lat' dir='ltr'>sinceritate.</span> <span class='ocrx_word' id='word_1_72' title='bbox 655 817 765 859; x_wconf 90' lang='lat' dir='ltr'>Fida</span> <span class='ocrx_word' id='word_1_73' title='bbox 799 818 1007 875; x_wconf 90' lang='lat' dir='ltr'>profecto</span> <span class='ocrx_word' id='word_1_74' title='bbox 1041 824 1349 876; x_wconf 87' lang='lat' dir='ltr'>constansque</span> <span class='ocrx_word' id='word_1_75' title='bbox 1383 820 1576 861; x_wconf 90' lang='lat' dir='ltr'>societas</span> <span class='ocrx_word' id='word_1_76' title='bbox 1612 819 1873 862; x_wconf 85' lang='lat' dir='ltr'>dileccionis</span> <span class='ocrx_word' id='word_1_77' title='bbox 1907 825 1953 862; x_wconf 93' lang='lat' dir='ltr'>et</span> <span class='ocrx_word' id='word_1_78' title='bbox 1986 821 2035 862; x_wconf 92' lang='lat' dir='ltr'>in</span> 
     </span>
     <span class='ocr_line' id='line_1_15' title="bbox 351 885 2033 945; baseline 0.002 -19"><span class='ocrx_word' id='word_1_79' title='bbox 351 885 607 927; x_wconf 87' lang='lat' dir='ltr'>sinceritate</span> <span class='ocrx_word' id='word_1_80' title='bbox 634 890 797 927; x_wconf 93' lang='lat' dir='ltr'>mutua</span> <span class='ocrx_word' id='word_1_81' title='bbox 824 885 1015 928; x_wconf 89' lang='lat' dir='ltr'>ethnicis</span> <span class='ocrx_word' id='word_1_82' title='bbox 1042 886 1188 928; x_wconf 91' lang='lat' dir='ltr'>eciam</span> <span class='ocrx_word' id='word_1_83' title='bbox 1215 886 1567 943; x_wconf 90' lang='lat' dir='ltr'>quampluribus</span> <span class='ocrx_word' id='word_1_84' title='bbox 1594 886 1670 929; x_wconf 91' lang='lat' dir='ltr'>uel</span> <span class='ocrx_word' id='word_1_85' title='bbox 1696 886 2033 945; x_wconf 86' lang='lat' dir='ltr'>superficialem</span> 
     </span>
     <span class='ocr_line' id='line_1_16' title="bbox 350 951 2033 1011; baseline 0.002 -18"><span class='ocrx_word' id='word_1_86' title='bbox 350 951 473 994; x_wconf 87' lang='lat' dir='ltr'>fame</span> <span class='ocrx_word' id='word_1_87' title='bbox 494 966 589 994; x_wconf 92' lang='lat' dir='ltr'>non</span> <span class='ocrx_word' id='word_1_88' title='bbox 610 951 865 994; x_wconf 91' lang='lat' dir='ltr'>deficientis</span> <span class='ocrx_word' id='word_1_89' title='bbox 887 954 1241 1009; x_wconf 87' lang='lat' dir='ltr'>perpetuitatem</span> <span class='ocrx_word' id='word_1_90' title='bbox 1263 953 1445 1010; x_wconf 91' lang='lat' dir='ltr'>pridem</span> <span class='ocrx_word' id='word_1_91' title='bbox 1466 955 1770 1011; x_wconf 89' lang='lat' dir='ltr'>perpetuauit,</span> <span class='ocrx_word' id='word_1_92' title='bbox 1791 959 2033 1011; x_wconf 88' lang='lat' dir='ltr'>perpetuat</span> 
     </span>
     <span class='ocr_line' id='line_1_17' title="bbox 350 1019 974 1061; baseline 0.002 -1"><span class='ocrx_word' id='word_1_93' title='bbox 350 1024 395 1060; x_wconf 91' lang='lat' dir='ltr'>et</span> <span class='ocrx_word' id='word_1_94' title='bbox 415 1019 567 1061; x_wconf 91' lang='lat' dir='ltr'>adhuc</span> <span class='ocrx_word' id='word_1_95' title='bbox 588 1019 974 1061; x_wconf 86' lang='lat' dir='ltr'>inmortalitatem.</span> 
     </span>
    </p>

    <p class='ocr_par' dir='ltr' id='par_1_7' title="bbox 348 1086 2035 2213">
     <span class='ocr_line' id='line_1_18' title="bbox 414 1086 2034 1144; baseline 0.001 -16"><span class='ocrx_word' id='word_1_96' title='bbox 414 1086 485 1140; x_wconf 84' lang='lat'>[3.]</span> <span class='ocrx_word' id='word_1_97' title='bbox 507 1087 553 1128; x_wconf 88' lang='lat' dir='ltr'>Si</span> <span class='ocrx_word' id='word_1_98' title='bbox 567 1086 675 1128; x_wconf 90' lang='lat' dir='ltr'>libet</span> <span class='ocrx_word' id='word_1_99' title='bbox 688 1087 842 1143; x_wconf 90' lang='lat' dir='ltr'>itaque</span> <span class='ocrx_word' id='word_1_100' title='bbox 855 1092 1035 1128; x_wconf 92' lang='lat' dir='ltr'>nostras</span> <span class='ocrx_word' id='word_1_101' title='bbox 1049 1088 1142 1129; x_wconf 88' lang='lat' dir='ltr'>iam</span> <span class='ocrx_word' id='word_1_102' title='bbox 1155 1101 1266 1129; x_wconf 91' lang='lat' dir='ltr'>sane</span> <span class='ocrx_word' id='word_1_103' title='bbox 1279 1089 1543 1129; x_wconf 88' lang='lat' dir='ltr'>terminatas</span> <span class='ocrx_word' id='word_1_104' title='bbox 1557 1088 1717 1144; x_wconf 88' lang='lat' dir='ltr'>longas</span> <span class='ocrx_word' id='word_1_105' title='bbox 1731 1093 1837 1144; x_wconf 84' lang='lat' dir='ltr'>post</span> <span class='ocrx_word' id='word_1_106' title='bbox 1849 1094 2034 1130; x_wconf 90' lang='lat' dir='ltr'>conten-</span> 
     </span>
     <span class='ocr_line' id='line_1_19' title="bbox 349 1153 2033 1210; baseline 0.001 -16"><span class='ocrx_word' id='word_1_107' title='bbox 349 1153 518 1202; x_wconf 93' lang='lat' dir='ltr'>ciones,</span> <span class='ocrx_word' id='word_1_108' title='bbox 543 1153 671 1194; x_wconf 92' lang='lat' dir='ltr'>velut</span> <span class='ocrx_word' id='word_1_109' title='bbox 696 1154 894 1195; x_wconf 89' lang='lat' dir='ltr'>invicem</span> <span class='ocrx_word' id='word_1_110' title='bbox 920 1155 1211 1210; x_wconf 89' lang='lat' dir='ltr'>pausacionis</span> <span class='ocrx_word' id='word_1_111' title='bbox 1237 1154 1313 1195; x_wconf 91' lang='lat' dir='ltr'>uel</span> <span class='ocrx_word' id='word_1_112' title='bbox 1337 1168 1484 1196; x_wconf 89' lang='lat' dir='ltr'>vnum</span> <span class='ocrx_word' id='word_1_113' title='bbox 1509 1154 1605 1196; x_wconf 92' lang='lat' dir='ltr'>fide</span> <span class='ocrx_word' id='word_1_114' title='bbox 1630 1156 1857 1196; x_wconf 91' lang='lat' dir='ltr'>societatis</span> <span class='ocrx_word' id='word_1_115' title='bbox 1882 1169 2033 1197; x_wconf 89' lang='lat' dir='ltr'>exem-</span> 
     </span>
     <span class='ocr_line' id='line_1_20' title="bbox 350 1219 2033 1277; baseline 0.002 -17"><span class='ocrx_word' id='word_1_116' title='bbox 350 1219 482 1275; x_wconf 90' lang='lat' dir='ltr'>plum</span> <span class='ocrx_word' id='word_1_117' title='bbox 516 1219 737 1275; x_wconf 92' lang='lat' dir='ltr'>ponendo</span> <span class='ocrx_word' id='word_1_118' title='bbox 771 1234 1020 1276; x_wconf 89' lang='lat' dir='ltr'>pergamus</span> <span class='ocrx_word' id='word_1_119' title='bbox 1055 1221 1283 1262; x_wconf 90' lang='lat' dir='ltr'>succincta</span> <span class='ocrx_word' id='word_1_120' title='bbox 1318 1220 1406 1262; x_wconf 92' lang='lat' dir='ltr'>sub</span> <span class='ocrx_word' id='word_1_121' title='bbox 1438 1221 1660 1263; x_wconf 91' lang='lat' dir='ltr'>breuitate</span> <span class='ocrx_word' id='word_1_122' title='bbox 1694 1221 1895 1263; x_wconf 90' lang='lat' dir='ltr'>deliciari</span> <span class='ocrx_word' id='word_1_123' title='bbox 1931 1221 2033 1277; x_wconf 86' lang='lat' dir='ltr'>(fre-</span> 
     </span>
     <span class='ocr_line' id='line_1_21' title="bbox 349 1286 2034 1342; baseline 0.002 -15"><span class='ocrx_word' id='word_1_124' title='bbox 349 1287 571 1342; x_wconf 91' lang='lat' dir='ltr'>quencius</span> <span class='ocrx_word' id='word_1_125' title='bbox 599 1287 724 1328; x_wconf 90' lang='lat' dir='ltr'>enim</span> <span class='ocrx_word' id='word_1_126' title='bbox 751 1287 884 1342; x_wconf 90' lang='lat' dir='ltr'>quasi</span> <span class='ocrx_word' id='word_1_127' title='bbox 911 1286 1164 1342; x_wconf 88' lang='lat' dir='ltr'>spaciando</span> <span class='ocrx_word' id='word_1_128' title='bbox 1193 1287 1407 1329; x_wconf 88' lang='lat' dir='ltr'>delectari</span> <span class='ocrx_word' id='word_1_129' title='bbox 1434 1288 1563 1329; x_wconf 91' lang='lat' dir='ltr'>iuuat</span> <span class='ocrx_word' id='word_1_130' title='bbox 1590 1288 1638 1330; x_wconf 91' lang='lat' dir='ltr'>in</span> <span class='ocrx_word' id='word_1_131' title='bbox 1664 1289 1853 1330; x_wconf 89' lang='lat' dir='ltr'>materia</span> <span class='ocrx_word' id='word_1_132' title='bbox 1879 1287 2034 1330; x_wconf 92' lang='lat' dir='ltr'>valide</span> 
     </span>
     <span class='ocr_line' id='line_1_22' title="bbox 349 1352 2032 1411; baseline 0.001 -17"><span class='ocrx_word' id='word_1_133' title='bbox 349 1352 613 1394; x_wconf 89' lang='lat' dir='ltr'>viuentibus</span> <span class='ocrx_word' id='word_1_134' title='bbox 626 1352 746 1394; x_wconf 92' lang='lat' dir='ltr'>adeo</span> <span class='ocrx_word' id='word_1_135' title='bbox 759 1352 1028 1402; x_wconf 72' lang='lat' dir='ltr'>delectabili,</span> <span class='ocrx_word' id='word_1_136' title='bbox 1054 1354 1061 1409; x_wconf 79' lang='grc' dir='ltr'>Ι</span> <span class='ocrx_word' id='word_1_137' title='bbox 1075 1353 1151 1395; x_wconf 87' lang='lat' dir='ltr'>60v</span> <span class='ocrx_word' id='word_1_138' title='bbox 1165 1354 1171 1409; x_wconf 91' lang='grc' dir='ltr'>Ι</span> <span class='ocrx_word' id='word_1_139' title='bbox 1194 1367 1304 1395; x_wconf 89' lang='lat' dir='ltr'>vera</span> <span class='ocrx_word' id='word_1_140' title='bbox 1317 1353 1523 1410; x_wconf 90' lang='lat' dir='ltr'>profecto</span> <span class='ocrx_word' id='word_1_141' title='bbox 1535 1353 1810 1411; x_wconf 88' lang='lat' dir='ltr'>falsitatique</span> <span class='ocrx_word' id='word_1_142' title='bbox 1822 1354 2032 1396; x_wconf 89' lang='lat' dir='ltr'>funditus</span> 
     </span>
     <span class='ocr_line' id='line_1_23' title="bbox 349 1419 2035 1477; baseline 0.001 -16"><span class='ocrx_word' id='word_1_143' title='bbox 349 1419 672 1476; x_wconf 87' lang='lat' dir='ltr'>impermixta):</span> <span class='ocrx_word' id='word_1_144' title='bbox 699 1419 759 1461; x_wconf 92' lang='lat' dir='ltr'>de</span> <span class='ocrx_word' id='word_1_145' title='bbox 783 1419 881 1461; x_wconf 91' lang='lat' dir='ltr'>fida</span> <span class='ocrx_word' id='word_1_146' title='bbox 906 1420 1129 1462; x_wconf 91' lang='lat' dir='ltr'>Damonis</span> <span class='ocrx_word' id='word_1_147' title='bbox 1153 1425 1222 1462; x_wconf 90' lang='lat' dir='ltr'>est</span> <span class='ocrx_word' id='word_1_148' title='bbox 1247 1421 1451 1462; x_wconf 91' lang='lat' dir='ltr'>amicicia</span> <span class='ocrx_word' id='word_1_149' title='bbox 1476 1421 1709 1477; x_wconf 90' lang='lat' dir='ltr'>Phitieque</span> <span class='ocrx_word' id='word_1_150' title='bbox 1733 1420 1870 1470; x_wconf 90' lang='lat' dir='ltr'>fama,</span> <span class='ocrx_word' id='word_1_151' title='bbox 1894 1421 2035 1463; x_wconf 92' lang='lat' dir='ltr'>labio-</span> 
     </span>
     <span class='ocr_line' id='line_1_24' title="bbox 349 1486 2031 1543; baseline 0.001 -15"><span class='ocrx_word' id='word_1_152' title='bbox 349 1500 546 1542; x_wconf 88' lang='lat' dir='ltr'>rumque</span> <span class='ocrx_word' id='word_1_153' title='bbox 562 1486 665 1528; x_wconf 91' lang='lat' dir='ltr'>licet</span> <span class='ocrx_word' id='word_1_154' title='bbox 680 1487 833 1528; x_wconf 92' lang='lat' dir='ltr'>orisue</span> <span class='ocrx_word' id='word_1_155' title='bbox 849 1487 1087 1543; x_wconf 90' lang='lat' dir='ltr'>popularis</span> <span class='ocrx_word' id='word_1_156' title='bbox 1104 1501 1199 1529; x_wconf 91' lang='lat' dir='ltr'>non</span> <span class='ocrx_word' id='word_1_157' title='bbox 1214 1488 1272 1529; x_wconf 92' lang='lat' dir='ltr'>sit</span> <span class='ocrx_word' id='word_1_158' title='bbox 1287 1488 1335 1529; x_wconf 90' lang='lat' dir='ltr'>in</span> <span class='ocrx_word' id='word_1_159' title='bbox 1349 1487 1447 1529; x_wconf 92' lang='lat' dir='ltr'>udo</span> <span class='ocrx_word' id='word_1_160' title='bbox 1464 1487 1814 1530; x_wconf 88' lang='lat' dir='ltr'>diouolaliterue</span> <span class='ocrx_word' id='word_1_161' title='bbox 1829 1487 2031 1530; x_wconf 90' lang='lat' dir='ltr'>diducta.</span> 
     </span>
     <span class='ocr_line' id='line_1_25' title="bbox 349 1545 2034 1610; baseline 0.002 -16"><span class='ocrx_word' id='word_1_162' title='bbox 349 1553 534 1595; x_wconf 88' lang='lat' dir='ltr'>Damon</span> <span class='ocrx_word' id='word_1_163' title='bbox 564 1553 757 1610; x_wconf 91' lang='lat' dir='ltr'>quidem</span> <span class='ocrx_word' id='word_1_164' title='bbox 789 1545 1074 1610; x_wconf 86' lang='lat' dir='ltr'>Phiciasque³</span> <span class='ocrx_word' id='word_1_165' title='bbox 1108 1546 1375 1610; x_wconf 78' lang='lat' dir='ltr'>Pitagorice⁴¹</span> <span class='ocrx_word' id='word_1_166' title='bbox 1407 1554 1545 1596; x_wconf 90' lang='lat' dir='ltr'>simul</span> <span class='ocrx_word' id='word_1_167' title='bbox 1578 1560 1698 1596; x_wconf 92' lang='lat' dir='ltr'>secte</span> <span class='ocrx_word' id='word_1_168' title='bbox 1730 1554 1955 1597; x_wconf 90' lang='lat' dir='ltr'>socialiter</span> <span class='ocrx_word' id='word_1_169' title='bbox 1986 1555 2034 1597; x_wconf 89' lang='lat' dir='ltr'>in</span> 
     </span>
     <span class='ocr_line' id='line_1_26' title="bbox 349 1620 2033 1679; baseline 0.001 -18"><span class='ocrx_word' id='word_1_170' title='bbox 349 1620 484 1661; x_wconf 91' lang='lat' dir='ltr'>scolis</span> <span class='ocrx_word' id='word_1_171' title='bbox 510 1621 692 1670; x_wconf 92' lang='lat' dir='ltr'>iniciati,</span> <span class='ocrx_word' id='word_1_172' title='bbox 718 1620 835 1662; x_wconf 90' lang='lat' dir='ltr'>dum</span> <span class='ocrx_word' id='word_1_173' title='bbox 861 1620 1204 1677; x_wconf 89' lang='lat' dir='ltr'>disciplinaliter</span> <span class='ocrx_word' id='word_1_174' title='bbox 1229 1621 1542 1663; x_wconf 93' lang='lat' dir='ltr'>condiscendo</span> <span class='ocrx_word' id='word_1_175' title='bbox 1567 1622 1798 1663; x_wconf 87' lang='lat' dir='ltr'>scolariter</span> <span class='ocrx_word' id='word_1_176' title='bbox 1821 1635 2033 1679; x_wconf 90' lang='lat' dir='ltr'>compro-</span> 
     </span>
     <span class='ocr_line' id='line_1_27' title="bbox 349 1686 2032 1744; baseline 0.001 -15"><span class='ocrx_word' id='word_1_177' title='bbox 349 1686 549 1736; x_wconf 85' lang='lat' dir='ltr'>ficerent,</span> <span class='ocrx_word' id='word_1_178' title='bbox 577 1687 896 1729; x_wconf 90' lang='lat' dir='ltr'>indissolubile</span> <span class='ocrx_word' id='word_1_179' title='bbox 922 1687 1061 1730; x_wconf 92' lang='lat' dir='ltr'>simul</span> <span class='ocrx_word' id='word_1_180' title='bbox 1087 1689 1454 1744; x_wconf 88' lang='lat' dir='ltr'>vnanimiterque</span> <span class='ocrx_word' id='word_1_181' title='bbox 1479 1689 1777 1730; x_wconf 90' lang='lat' dir='ltr'>conviuentes</span> <span class='ocrx_word' id='word_1_182' title='bbox 1804 1689 2032 1730; x_wconf 90' lang='lat' dir='ltr'>societatis</span> 
     </span>
     <span class='ocr_line' id='line_1_28' title="bbox 349 1754 2032 1812; baseline 0.001 -17"><span class='ocrx_word' id='word_1_183' title='bbox 349 1754 435 1795; x_wconf 91' lang='lat' dir='ltr'>sibi</span> <span class='ocrx_word' id='word_1_184' title='bbox 453 1754 693 1796; x_wconf 89' lang='lat' dir='ltr'>vinculum</span> <span class='ocrx_word' id='word_1_185' title='bbox 713 1755 777 1796; x_wconf 94' lang='lat' dir='ltr'>sic</span> <span class='ocrx_word' id='word_1_186' title='bbox 798 1754 1130 1804; x_wconf 91' lang='lat' dir='ltr'>solidauerunt,</span> <span class='ocrx_word' id='word_1_187' title='bbox 1149 1755 1276 1812; x_wconf 93' lang='lat' dir='ltr'>quod</span> <span class='ocrx_word' id='word_1_188' title='bbox 1298 1756 1481 1812; x_wconf 89' lang='lat' dir='ltr'>penitus</span> <span class='ocrx_word' id='word_1_189' title='bbox 1502 1755 1780 1797; x_wconf 79' lang='lat' dir='ltr'>indifferenti</span> <span class='ocrx_word' id='word_1_190' title='bbox 1799 1769 1849 1797; x_wconf 92' lang='lat' dir='ltr'>se</span> <span class='ocrx_word' id='word_1_191' title='bbox 1867 1761 2032 1797; x_wconf 85' lang='lat' dir='ltr'>mutuo</span> 
     </span>
     <span class='ocr_line' id='line_1_29' title="bbox 348 1820 2032 1880; baseline 0.001 -17"><span class='ocrx_word' id='word_1_192' title='bbox 348 1820 575 1879; x_wconf 89' lang='lat' dir='ltr'>firmaque</span> <span class='ocrx_word' id='word_1_193' title='bbox 588 1821 816 1864; x_wconf 84' lang='lat' dir='ltr'>fidissime</span> <span class='ocrx_word' id='word_1_194' title='bbox 829 1821 1092 1864; x_wconf 92' lang='lat' dir='ltr'>dileccionis</span> <span class='ocrx_word' id='word_1_195' title='bbox 1106 1823 1154 1864; x_wconf 94' lang='lat' dir='ltr'>in</span> <span class='ocrx_word' id='word_1_196' title='bbox 1165 1823 1514 1864; x_wconf 89' lang='lat' dir='ltr'>continuacione</span> <span class='ocrx_word' id='word_1_197' title='bbox 1527 1823 1815 1880; x_wconf 88' lang='lat' dir='ltr'>pertinaciter</span> <span class='ocrx_word' id='word_1_198' title='bbox 1826 1822 2032 1864; x_wconf 93' lang='lat' dir='ltr'>concole-</span> 
     </span>
     <span class='ocr_line' id='line_1_30' title="bbox 348 1889 2033 1946; baseline 0.001 -15"><span class='ocrx_word' id='word_1_199' title='bbox 348 1903 397 1931; x_wconf 93' lang='lat' dir='ltr'>re</span> <span class='ocrx_word' id='word_1_200' title='bbox 427 1894 788 1945; x_wconf 87' lang='lat' dir='ltr'>perseuerarent,</span> <span class='ocrx_word' id='word_1_201' title='bbox 819 1889 967 1931; x_wconf 93' lang='lat' dir='ltr'>donec</span> <span class='ocrx_word' id='word_1_202' title='bbox 998 1889 1183 1932; x_wconf 85' lang='lat' dir='ltr'>fortuna</span> <span class='ocrx_word' id='word_1_203' title='bbox 1213 1889 1362 1939; x_wconf 86' lang='lat' dir='ltr'>fallax,</span> <span class='ocrx_word' id='word_1_204' title='bbox 1393 1889 1680 1932; x_wconf 89' lang='lat' dir='ltr'>felicitatibus</span> <span class='ocrx_word' id='word_1_205' title='bbox 1711 1890 2033 1946; x_wconf 89' lang='lat' dir='ltr'>intempestiue</span> 
     </span>
     <span class='ocr_line' id='line_1_31' title="bbox 348 1955 2033 2013; baseline 0.001 -16"><span class='ocrx_word' id='word_1_206' title='bbox 348 1955 639 2012; x_wconf 86' lang='lat' dir='ltr'>frequencius</span> <span class='ocrx_word' id='word_1_207' title='bbox 652 1956 895 1997; x_wconf 89' lang='lat' dir='ltr'>euentibus</span> <span class='ocrx_word' id='word_1_208' title='bbox 909 1962 954 1998; x_wconf 90' lang='lat' dir='ltr'>et</span> <span class='ocrx_word' id='word_1_209' title='bbox 967 1957 1201 2013; x_wconf 86' lang='lat' dir='ltr'>inopinate</span> <span class='ocrx_word' id='word_1_210' title='bbox 1214 1958 1447 2013; x_wconf 90' lang='lat' dir='ltr'>prosperis</span> <span class='ocrx_word' id='word_1_211' title='bbox 1461 1957 1681 2006; x_wconf 91' lang='lat' dir='ltr'>incidens,</span> <span class='ocrx_word' id='word_1_212' title='bbox 1694 1962 1788 1998; x_wconf 90' lang='lat' dir='ltr'>tam</span> <span class='ocrx_word' id='word_1_213' title='bbox 1800 1971 2033 1998; x_wconf 91' lang='lat' dir='ltr'>commen-</span> 
     </span>
     <span class='ocr_line' id='line_1_32' title="bbox 349 2022 2030 2080; baseline 0.001 -16"><span class='ocrx_word' id='word_1_214' title='bbox 349 2022 559 2064; x_wconf 90' lang='lat' dir='ltr'>dabiliter</span> <span class='ocrx_word' id='word_1_215' title='bbox 569 2022 863 2064; x_wconf 89' lang='lat' dir='ltr'>confederate</span> <span class='ocrx_word' id='word_1_216' title='bbox 874 2028 1061 2080; x_wconf 92' lang='lat' dir='ltr'>tamque</span> <span class='ocrx_word' id='word_1_217' title='bbox 1071 2024 1313 2080; x_wconf 91' lang='lat' dir='ltr'>pertinacis</span> <span class='ocrx_word' id='word_1_218' title='bbox 1325 2024 1526 2080; x_wconf 90' lang='lat' dir='ltr'>quietem</span> <span class='ocrx_word' id='word_1_219' title='bbox 1538 2023 1754 2065; x_wconf 90' lang='lat' dir='ltr'>discussit</span> <span class='ocrx_word' id='word_1_220' title='bbox 1763 2023 2030 2065; x_wconf 77' lang='lat' dir='ltr'>sodalitatis,</span> 
     </span>
     <span class='ocr_line' id='line_1_33' title="bbox 348 2089 2031 2147; baseline 0 -15"><span class='ocrx_word' id='word_1_221' title='bbox 348 2090 531 2146; x_wconf 90' lang='lat' dir='ltr'>Nempe</span> <span class='ocrx_word' id='word_1_222' title='bbox 546 2089 717 2132; x_wconf 91' lang='lat' dir='ltr'>nullius</span> <span class='ocrx_word' id='word_1_223' title='bbox 733 2089 822 2132; x_wconf 94' lang='lat' dir='ltr'>sub</span> <span class='ocrx_word' id='word_1_224' title='bbox 836 2089 932 2132; x_wconf 91' lang='lat' dir='ltr'>sole</span> <span class='ocrx_word' id='word_1_225' title='bbox 949 2091 1163 2147; x_wconf 89' lang='lat' dir='ltr'>spirantis</span> <span class='ocrx_word' id='word_1_226' title='bbox 1179 2090 1446 2147; x_wconf 89' lang='lat' dir='ltr'>simplicitas</span> <span class='ocrx_word' id='word_1_227' title='bbox 1461 2096 1530 2132; x_wconf 89' lang='lat' dir='ltr'>est</span> <span class='ocrx_word' id='word_1_228' title='bbox 1546 2096 1670 2132; x_wconf 89' lang='lat' dir='ltr'>tanta</span> <span class='ocrx_word' id='word_1_229' title='bbox 1684 2104 1775 2147; x_wconf 92' lang='lat' dir='ltr'>que</span> <span class='ocrx_word' id='word_1_230' title='bbox 1789 2104 1973 2147; x_wconf 91' lang='lat' dir='ltr'>semper</span> <span class='ocrx_word' id='word_1_231' title='bbox 1986 2095 2031 2132; x_wconf 93' lang='lat' dir='ltr'>et</span> 
     </span>
     <span class='ocr_line' id='line_1_34' title="bbox 349 2149 1488 2213; baseline 0.001 -15"><span class='ocrx_word' id='word_1_232' title='bbox 349 2156 408 2198; x_wconf 95' lang='lat' dir='ltr'>ad</span> <span class='ocrx_word' id='word_1_233' title='bbox 429 2156 680 2213; x_wconf 88' lang='lat' dir='ltr'>expediens</span> <span class='ocrx_word' id='word_1_234' title='bbox 700 2158 846 2199; x_wconf 89' lang='lat' dir='ltr'>vitare</span> <span class='ocrx_word' id='word_1_235' title='bbox 864 2157 1015 2199; x_wconf 89' lang='lat' dir='ltr'>valeat</span> <span class='ocrx_word' id='word_1_236' title='bbox 1035 2157 1210 2199; x_wconf 91' lang='lat' dir='ltr'>inuidie</span> <span class='ocrx_word' id='word_1_237' title='bbox 1228 2149 1488 2199; x_wconf 90' lang='lat' dir='ltr'>venenam.5</span> 
     </span>
    </p>

    <p class='ocr_par' dir='ltr' id='par_1_8' title="bbox 347 2223 2033 2550">
     <span class='ocr_line' id='line_1_35' title="bbox 412 2223 2031 2281; baseline 0 -15"><span class='ocrx_word' id='word_1_238' title='bbox 412 2223 483 2278; x_wconf 91' lang='grc'><strong>[4.]</strong></span> <span class='ocrx_word' id='word_1_239' title='bbox 506 2225 618 2266; x_wconf 90' lang='lat' dir='ltr'>Tam</span> <span class='ocrx_word' id='word_1_240' title='bbox 637 2224 786 2266; x_wconf 92' lang='lat' dir='ltr'>solide</span> <span class='ocrx_word' id='word_1_241' title='bbox 805 2224 998 2281; x_wconf 91' lang='lat' dir='ltr'>quidam</span> <span class='ocrx_word' id='word_1_242' title='bbox 1017 2224 1137 2266; x_wconf 90' lang='lat' dir='ltr'>male</span> <span class='ocrx_word' id='word_1_243' title='bbox 1156 2224 1364 2281; x_wconf 89' lang='lat' dir='ltr'>liguosus</span> <span class='ocrx_word' id='word_1_244' title='bbox 1383 2225 1596 2266; x_wconf 91' lang='lat' dir='ltr'>invidens</span> <span class='ocrx_word' id='word_1_245' title='bbox 1615 2226 1833 2274; x_wconf 70' lang='lat' dir='ltr'>societati,</span> <span class='ocrx_word' id='word_1_246' title='bbox 1852 2225 2031 2266; x_wconf 92' lang='lat' dir='ltr'>tiranno</span> 
     </span>
     <span class='ocr_line' id='line_1_36' title="bbox 348 2290 2032 2347; baseline 0 -14"><span class='ocrx_word' id='word_1_247' title='bbox 348 2290 566 2333; x_wconf 87' lang='lat' dir='ltr'>Psithiam</span> <span class='ocrx_word' id='word_1_248' title='bbox 599 2292 872 2333; x_wconf 89' lang='lat' dir='ltr'>Siracusano</span> <span class='ocrx_word' id='word_1_249' title='bbox 906 2291 1089 2347; x_wconf 93' lang='lat' dir='ltr'>capitali</span> <span class='ocrx_word' id='word_1_250' title='bbox 1124 2291 1183 2333; x_wconf 93' lang='lat' dir='ltr'>de</span> <span class='ocrx_word' id='word_1_251' title='bbox 1217 2292 1406 2333; x_wconf 90' lang='lat' dir='ltr'>crimine</span> <span class='ocrx_word' id='word_1_252' title='bbox 1440 2306 1571 2333; x_wconf 90' lang='lat' dir='ltr'>reum</span> <span class='ocrx_word' id='word_1_253' title='bbox 1606 2291 1725 2333; x_wconf 90' lang='lat' dir='ltr'>male</span> <span class='ocrx_word' id='word_1_254' title='bbox 1759 2290 2032 2333; x_wconf 91' lang='lat' dir='ltr'>menciendo</span> 
     </span>
     <span class='ocr_line' id='line_1_37' title="bbox 349 2358 2031 2415; baseline 0 -15"><span class='ocrx_word' id='word_1_255' title='bbox 349 2358 512 2400; x_wconf 92' lang='lat' dir='ltr'>detulit</span> <span class='ocrx_word' id='word_1_256' title='bbox 554 2372 711 2400; x_wconf 92' lang='lat' dir='ltr'>coram</span> <span class='ocrx_word' id='word_1_257' title='bbox 753 2359 963 2400; x_wconf 91' lang='lat' dir='ltr'>Dionisio</span> <span class='ocrx_word' id='word_1_258' title='bbox 1005 2359 1444 2400; x_wconf 88' lang='lat' dir='ltr'>consuetudinaliter</span> <span class='ocrx_word' id='word_1_259' title='bbox 1485 2359 1545 2400; x_wconf 94' lang='lat' dir='ltr'>ad</span> <span class='ocrx_word' id='word_1_260' title='bbox 1588 2358 2031 2415; x_wconf 90' lang='lat' dir='ltr'>condempnandum</span> 
     </span>
     <span class='ocr_line' id='line_1_38' title="bbox 347 2425 2033 2483; baseline 0 -15"><span class='ocrx_word' id='word_1_261' title='bbox 347 2439 643 2482; x_wconf 90' lang='lat' dir='ltr'>quocumque</span> <span class='ocrx_word' id='word_1_262' title='bbox 661 2425 806 2468; x_wconf 92' lang='lat' dir='ltr'>modo</span> <span class='ocrx_word' id='word_1_263' title='bbox 824 2425 1016 2475; x_wconf 89' lang='lat' dir='ltr'>delatos,</span> <span class='ocrx_word' id='word_1_264' title='bbox 1034 2426 1117 2468; x_wconf 93' lang='lat' dir='ltr'>sed</span> <span class='ocrx_word' id='word_1_265' title='bbox 1135 2427 1353 2483; x_wconf 91' lang='lat' dir='ltr'>precipue</span> <span class='ocrx_word' id='word_1_266' title='bbox 1369 2426 1551 2483; x_wconf 91' lang='lat' dir='ltr'>capitali</span> <span class='ocrx_word' id='word_1_267' title='bbox 1569 2426 1629 2468; x_wconf 92' lang='lat' dir='ltr'>de</span> <span class='ocrx_word' id='word_1_268' title='bbox 1645 2427 1833 2468; x_wconf 89' lang='lat' dir='ltr'>crimine</span> <span class='ocrx_word' id='word_1_269' title='bbox 1850 2439 2033 2482; x_wconf 89' lang='lat' dir='ltr'>semper</span> 
     </span>
     <span class='ocr_line' id='line_1_39' title="bbox 347 2492 2030 2550; baseline 0 -15"><span class='ocrx_word' id='word_1_270' title='bbox 347 2492 788 2550; x_wconf 90' lang='lat' dir='ltr'>vigilantissimeque</span> <span class='ocrx_word' id='word_1_271' title='bbox 827 2493 1101 2535; x_wconf 89' lang='lat' dir='ltr'>voluntario.</span> <span class='ocrx_word' id='word_1_272' title='bbox 1142 2494 1304 2550; x_wconf 89' lang='lat' dir='ltr'>Sicque</span> <span class='ocrx_word' id='word_1_273' title='bbox 1344 2494 1584 2535; x_wconf 87' lang='lat' dir='ltr'>succinctis</span> <span class='ocrx_word' id='word_1_274' title='bbox 1624 2493 1836 2535; x_wconf 90' lang='lat' dir='ltr'>facillime</span> <span class='ocrx_word' id='word_1_275' title='bbox 1876 2498 2030 2535; x_wconf 86' lang='lat' dir='ltr'>motus</span> 
     </span>
    </p>
   </div>
   <div class='ocr_carea' id='block_1_7' title="bbox 347 2560 2030 2617">
    <p class='ocr_par' dir='ltr' id='par_1_9' title="bbox 347 2560 2030 2617">
     <span class='ocr_line' id='line_1_40' title="bbox 347 2560 2030 2617; baseline -0.001 -14"><span class='ocrx_word' id='word_1_276' title='bbox 347 2560 490 2602; x_wconf 90' lang='lat' dir='ltr'>facilis</span> <span class='ocrx_word' id='word_1_277' title='bbox 523 2561 571 2603; x_wconf 92' lang='lat' dir='ltr'>in</span> <span class='ocrx_word' id='word_1_278' title='bbox 602 2560 679 2603; x_wconf 90' lang='lat' dir='ltr'>tali</span> <span class='ocrx_word' id='word_1_279' title='bbox 710 2575 822 2603; x_wconf 89' lang='lat' dir='ltr'>casu</span> <span class='ocrx_word' id='word_1_280' title='bbox 852 2560 992 2603; x_wconf 89' lang='lat' dir='ltr'>iudex</span> <span class='ocrx_word' id='word_1_281' title='bbox 1025 2560 1379 2617; x_wconf 89' lang='lat' dir='ltr'>allegacionibus</span> <span class='ocrx_word' id='word_1_282' title='bbox 1410 2561 1726 2617; x_wconf 91' lang='lat' dir='ltr'>calumpniose</span> <span class='ocrx_word' id='word_1_283' title='bbox 1757 2560 2030 2617; x_wconf 90' lang='lat' dir='ltr'>dampnauit</span> 
     </span>
    </p>
   </div>
   <div class='ocr_carea' id='block_1_8' title="bbox 418 2871 1139 3134">
    <p class='ocr_par' dir='ltr' id='par_1_10' title="bbox 420 2871 743 2912">
     <span class='ocr_line' id='line_1_41' title="bbox 420 2871 743 2912; baseline 0 0"><span class='ocrx_word' id='word_1_284' title='bbox 420 2871 431 2893; x_wconf 92' lang='lat'>¹</span> <span class='ocrx_word' id='word_1_285' title='bbox 448 2877 703 2912; x_wconf 81' lang='lat' dir='ltr'>consocietatis</span> <span class='ocrx_word' id='word_1_286' title='bbox 720 2878 743 2912; x_wconf 90' lang='lat' dir='ltr'><strong><em>S</em></strong></span> 
     </span>
    </p>

    <p class='ocr_par' dir='ltr' id='par_1_11' title="bbox 418 2926 1139 3034">
     <span class='ocr_line' id='line_1_42' title="bbox 419 2926 1139 2979; baseline 0 -13"><span class='ocrx_word' id='word_1_287' title='bbox 419 2926 433 2949; x_wconf 90' lang='lat'>²</span> <span class='ocrx_word' id='word_1_288' title='bbox 449 2932 487 2966; x_wconf 89' lang='lat' dir='ltr'>in</span> <span class='ocrx_word' id='word_1_289' title='bbox 505 2932 779 2979; x_wconf 84' lang='lat' dir='ltr'>tranquillitate]</span> <span class='ocrx_word' id='word_1_290' title='bbox 798 2932 1099 2979; x_wconf 85' lang='lat' dir='ltr'>intranquillitate</span> <span class='ocrx_word' id='word_1_291' title='bbox 1116 2933 1139 2966; x_wconf 89' lang='lat' dir='ltr'>S</span> 
     </span>
     <span class='ocr_line' id='line_1_43' title="bbox 418 2982 1065 3034; baseline 0 -12"><span class='ocrx_word' id='word_1_292' title='bbox 418 2982 433 3005; x_wconf 82' lang='lat'>³</span> <span class='ocrx_word' id='word_1_293' title='bbox 449 2988 665 3034; x_wconf 86' lang='lat' dir='ltr'>Phiciasque</span> <span class='ocrx_word' id='word_1_294' title='bbox 682 2989 716 3028; x_wconf 91' lang='lat' dir='ltr'>S,</span> <span class='ocrx_word' id='word_1_295' title='bbox 732 2988 895 3022; x_wconf 85' lang='lat' dir='ltr'>Phintias</span> <span class='ocrx_word' id='word_1_296' title='bbox 916 2988 1065 3022; x_wconf 82' lang='lat' dir='ltr'>Valerius</span> 
     </span>
    </p>

    <p class='ocr_par' dir='ltr' id='par_1_12' title="bbox 418 3038 1084 3090">
     <span class='ocr_line' id='line_1_44' title="bbox 418 3038 1084 3090; baseline -0.002 -12"><span class='ocrx_word' id='word_1_297' title='bbox 418 3038 432 3059; x_wconf 91' lang='lat'><strong>⁴</strong></span> <span class='ocrx_word' id='word_1_298' title='bbox 449 3044 649 3090; x_wconf 85' lang='lat' dir='ltr'>Pitagorice</span> <span class='ocrx_word' id='word_1_299' title='bbox 668 3044 829 3083; x_wconf 81' lang='lat' dir='ltr'>Valerius,</span> <span class='ocrx_word' id='word_1_300' title='bbox 846 3043 1045 3089; x_wconf 88' lang='lat' dir='ltr'>Pitogarice</span> <span class='ocrx_word' id='word_1_301' title='bbox 1062 3045 1084 3077; x_wconf 89' lang='lat' dir='ltr'>S</span> 
     </span>
    </p>

    <p class='ocr_par' dir='ltr' id='par_1_13' title="bbox 419 3093 632 3134">
     <span class='ocr_line' id='line_1_45' title="bbox 419 3093 632 3134; baseline 0.005 -1"><span class='ocrx_word' id='word_1_302' title='bbox 419 3093 432 3115; x_wconf 87' lang='lat'>⁵</span> <span class='ocrx_word' id='word_1_303' title='bbox 448 3110 592 3134; x_wconf 89' lang='lat' dir='ltr'>venena</span> <span class='ocrx_word' id='word_1_304' title='bbox 610 3101 632 3134; x_wconf 91' lang='lat' dir='ltr'>S</span> 
     </span>
    </p>
   </div>
  </div>
 </body>
</html>
