2158 3366
281 441 315 466 75

275 1780 310 1805 95

257 2113 308 2137 100

255 2450 306 2475 105

378 159 436 199 60
573 167 760 201 SERIUM
782 167 1087 202 SENECTUTIS

377 290 512 333 nibus
541 291 757 348 loquatur
785 291 972 349 loquiue
999 293 1214 336 videatur
1241 294 1395 337 modis
1423 295 1563 345 Deus,
1591 302 1704 353 aput
1732 311 1782 339 se
1809 303 1965 341 tamen
1990 304 2059 341 est

377 357 598 400 elocutus.
636 359 838 401 Unicum
873 373 1056 416 nempe,
1093 374 1176 417 per
1211 361 1339 417 quod
1377 367 1532 404 sancta
1569 362 1885 421 dispositaque
1921 365 2060 408 simul

375 425 606 474 vniuersa'
628 426 786 481 genuit
807 426 934 468 Deus
956 427 1056 483 ipse
1076 427 1286 477 verbum,
1308 428 1368 470 de
1389 429 1489 470 Deo
1510 430 1676 479 Deum,
1697 431 1854 487 sicque
1874 432 1974 473 Deo
1995 433 2059 474 sic

376 491 519 533 semel
539 491 597 533 ab
616 491 860 548 eloquente
880 492 1073 535 domino
1093 499 1202 536 sunt
1221 494 1379 537 audita
1399 495 1546 537 taliter
1564 496 1849 539 exaudiente.

440 557 511 611 [5.]
534 558 729 601 Triuiale
746 559 938 615 quidem
955 574 1051 602 non
1066 561 1220 603 minus
1238 566 1307 603 est
1323 562 1451 618 quod
1469 563 1651 605 virtutis
1669 565 2058 620 pertinacissimus

376 630 575 667 assertor
601 627 898 683 veritatisque
926 628 1249 670 veracissimus
1278 629 1549 685 astipulator
1576 631 1736 672 asserit
1763 631 1903 681 idem,
1930 632 2058 689 quod

376 693 524 734 iustus
549 694 741 735 omnino
764 693 893 736 verbi
917 695 1061 751 gratia
1085 695 1316 752 iudexque
1340 710 1436 738 non
1458 697 1677 740 iniurians
1701 698 1826 740 Deus
1850 699 1924 741 sui
1946 713 2058 742 suos

389 759 472 816 16¹1
503 774 583 802 ore
602 759 844 803 dumtaxat
861 766 1090 804 amatores
1109 761 1483 820 loquelaliterque
1501 763 1826 821 superficiales,
1844 765 2059 823 liguaque

375 826 461 868 sibi
477 840 562 868 sua
578 827 699 869 male
714 827 1188 885 subsannabiliterque
1204 831 1496 880 mencientes!
1511 845 1590 873 cor
1605 833 1750 874 eciam
1765 833 2058 889 corruptibile

375 907 515 935 suum
533 894 819 936 rectitudinis
838 909 865 936 a
883 896 1140 937 sinceritate
1156 897 1294 938 viaue
1312 897 1609 940 diouolariter
1627 898 1946 949 diuaricantes,
1963 913 2058 956 quo

374 973 470 1001 non
494 961 649 1002 minus
675 961 724 1002 in
748 960 1078 1003 obseruacione
1103 962 1432 1005 mandatorum
1456 964 1728 1007 custodiaue
1754 966 2057 1008 testamentali

374 1040 516 1082 quam
542 1027 754 1070 custodie
780 1028 1006 1084 probabili
1033 1030 1312 1072 seruacionis
1339 1031 1388 1072 in
1413 1023 1671 1074 stabilitate1
1700 1033 1821 1088 pacti
1846 1032 2057 1076 funditus

374 1094 688 1136 invenirentur
699 1094 925 1145 infideles‘
941 1105 967 1131 ÷
984 1110 1209 1153 arcusque
1221 1096 1352 1139 facile
1365 1098 1646 1140 remissibilis
1660 1100 1708 1140 in
1720 1100 1995 1156 prauitatem
2007 1114 2057 1142 se

374 1174 458 1202 sua
476 1166 642 1217 sponte
659 1167 993 1212 conuertentes,
1013 1171 1040 1198 ÷
1060 1164 1310 1206 iustissime
1326 1170 1526 1220 spernat!
1542 1165 1816 1222 pridemque
1833 1168 2058 1223 spreuerit

373 1232 418 1268 et
437 1227 497 1268 ad
516 1227 738 1269 nichilum
755 1228 894 1270 valde
913 1229 1091 1285 redigat
1108 1235 1321 1286 retroque
1339 1231 1578 1287 redegerit;
1596 1232 1757 1274 talium
1775 1233 1926 1274 tradat
1943 1224 2058 1275 tam²

373 1294 592 1335 virtutem
626 1308 768 1351 quam
802 1295 1194 1351 pulchritudinem
1228 1298 1267 1339 si
1300 1311 1392 1354 qua
1425 1297 1561 1340 fuerit
1594 1299 1643 1340 in
1675 1312 1840 1341 manus
1873 1300 2058 1349 inimici,

373 1360 649 1418 pridemque
686 1361 937 1404 tradiderit.
975 1362 1065 1405 Sed
1102 1368 1147 1405 et
1183 1363 1303 1406 adeo
1340 1363 1482 1406 delire
1518 1357 1910 1422 delinquencium³
1945 1380 2056 1408 suos

372 1427 565 1469 vlcionis
587 1428 647 1470 ad
669 1430 1076 1485 exaggeracionem
1097 1432 1484 1487 tempestiuamue
1505 1433 1774 1474 meritorum
1795 1433 2057 1475 retribucio-

372 1509 494 1544 nem,
528 1495 637 1537 solis
672 1495 759 1538 sibi
792 1496 1047 1539 defectiuos
1083 1497 1262 1540 diducit
1295 1498 1395 1540 dies
1429 1500 1478 1541 in
1509 1499 1787 1542 vanitatibus
1820 1501 2056 1558 vitamque

371 1561 711 1612 vilificantibus,
724 1565 1044 1606 commenticie
1056 1566 1188 1607 vanis
1202 1570 1247 1607 et
1260 1566 1309 1607 in
1321 1566 1684 1616 inuencionibus,
1697 1581 1900 1624 suosque
1912 1567 2055 1610 solius

373 1629 432 1671 de
449 1631 631 1672 racione
648 1630 951 1673 destinandos
967 1631 1173 1674 utilitatis
1190 1632 1250 1675 ad
1267 1632 1458 1675 effectus
1476 1648 1621 1676 annos
1637 1634 1897 1691 pernicibus
1913 1640 2057 1677 trans-

371 1711 552 1739 currere
570 1697 696 1740 iubet
713 1699 762 1740 in
777 1698 1167 1749 festinacionibus'
1183 1714 1292 1742 cum
1309 1706 1513 1757 possent,
1530 1702 1569 1743 si
1586 1706 1766 1744 sensate
1782 1702 2056 1759 sapuissent,

371 1765 522 1806 veraci
534 1765 675 1807 corde
687 1765 926 1808 credentes
939 1766 1000 1808 ad
1014 1767 1255 1816 iusticiam!
1267 1768 1537 1825 sinceroque
1549 1782 1628 1810 ore
1640 1768 1824 1825 liguaue
1835 1768 2056 1811 confiten-

372 1836 439 1873 tes
457 1831 517 1873 ad
535 1831 746 1882 salutem,
762 1832 872 1874 solis
890 1847 1001 1875 suos
1018 1834 1066 1875 in
1081 1834 1350 1876 vtilitatibus
1368 1828 1742 1892 temporumque⁴
1759 1837 1992 1893 prosperis
2008 1837 2057 1878 in

371 1898 762 1954 produccionibus
779 1901 1048 1942 continuare
1066 1900 1166 1942 dies
1185 1915 1457 1958 annuosque
1475 1907 1762 1944 transcursus
1779 1903 2056 1945 vanitatum-

370 1978 461 2020 que
479 1966 612 2006 vanis
633 1967 824 2007 omnino
844 1967 943 2008 sine
961 1967 1225 2009 vilitatibus.

435 2030 505 2084 [6.]
528 2031 733 2074 Ulcionis
768 2033 914 2074 eciam
949 2033 1108 2075 diuine
1141 2034 1417 2090 quamplura
1451 2036 1669 2091 variaque
1702 2035 2054 2092 quampluribus

370 2102 528 2153 patent
543 2098 754 2154 exempla
769 2100 1102 2141 commenticiis
1118 2100 1308 2141 omnino
1324 2099 1596 2142 falsitatibus
1612 2101 1914 2157 impermixta.
1930 2102 2054 2143 Nota

370 2164 479 2205 satis
513 2169 582 2206 est
615 2165 703 2207 viri
736 2165 1060 2222 proletariique
1094 2166 1236 2223 prolis
1270 2167 1496 2224 Egipciaci
1529 2167 1732 2210 mulieris
1765 2173 1811 2210 et
1843 2167 2053 2210 Israelitis

370 2231 568 2273 Israelite
586 2246 695 2274 cum
713 2233 815 2274 viro
833 2234 992 2275 castris
1012 2234 1060 2275 in
1078 2233 1288 2276 Israelitis
1307 2233 1505 2276 infauste
1524 2234 1610 2277 sibi
1628 2249 1723 2277 non
1740 2236 1894 2277 minus
1912 2249 2054 2292 quam

369 2298 564 2341 fataliter
605 2299 694 2356 16V1
732 2299 887 2343 habita
914 2301 1131 2358 iurgacio,
1158 2315 1250 2358 qua
1277 2301 1419 2344 delire
1446 2303 1531 2345 Dei
1557 2303 1709 2345 Deum
1735 2302 2054 2360 blasphemare

369 2381 541 2409 nomen
565 2381 661 2409 non
685 2367 868 2410 erubuit
894 2368 1228 2411 maledicendo.
1255 2370 1410 2420 Quam
1434 2370 1612 2427 Moysis
1638 2375 1743 2413 ante
1769 2371 2053 2427 presenciam

368 2435 559 2476 carceris
581 2434 639 2476 ab
659 2435 891 2492 ergastulo
912 2435 1203 2493 productam,
1224 2437 1428 2494 Moyses,
1447 2451 1631 2480 summa
1652 2438 1962 2480 sensatissime
1981 2439 2053 2480 vir

369 2516 395 2544 a
409 2503 639 2559 sapiencia
653 2503 1000 2560 preinstructus,
1013 2518 1190 2562 suaque
1203 2504 1342 2547 iudex
1355 2510 1481 2548 extra
1494 2510 1640 2548 castra
1654 2505 1848 2563 lapidari
1861 2506 1993 2548 iussit
2005 2506 2054 2548 in

368 2570 690 2612 iurisdiccione
714 2571 1007 2613 iustissimus.
1032 2572 1215 2629 Nempe
1239 2586 1353 2614 sano
1377 2572 1570 2630 soloque
1593 2574 1656 2615 sic
1681 2578 1726 2615 et
1749 2573 1868 2615 adeo
1892 2587 2052 2615 seuere

368 2639 668 2680 sentenciauit
694 2652 878 2681 summe
905 2640 1082 2681 sincero
1110 2639 1291 2682 deitatis
1318 2654 1373 2682 ex
1401 2641 1607 2697 imperio.
1634 2641 1704 2683 Sic
1731 2642 1884 2698 itaque
1909 2640 2051 2683 notha

368 2704 520 2760 proles
545 2705 821 2762 sobolesque
846 2707 955 2748 satis
980 2706 1179 2749 infausta
1204 2707 1403 2763 generali
1426 2722 1521 2749 non
1544 2709 1697 2750 minus
1721 2722 1863 2764 quam
1887 2722 2050 2750 seuero

440 2935 451 2957 ¹
469 2940 508 2974 in
525 2941 733 2985 stabilitate]
752 2941 988 2976 instabilitate
1005 2943 1027 2976 S

439 2991 453 3013 ²
469 3002 545 3031 tam
561 2997 610 3031 ed.

438 3046 453 3068 ³
469 3053 849 3100 delinquenciumque
865 3055 888 3088 S

438 3102 452 3124 ⁴
468 3120 556 3156 -que
571 3110 620 3144 ed.
