2132 3346
242 484 292 509 295

241 818 292 843 300

240 1153 291 1177 305

239 1487 291 1512 310

239 1823 290 1847 315

238 2158 290 2183 320

238 2496 289 2521 325

237 2831 288 2856 330

355 134 414 175 92
550 142 738 176 SERIUM
759 142 1064 177 SENECTUTIS

355 281 382 309 a
403 268 541 309 Xerse
564 267 719 310 nauali
741 268 886 325 prelio
909 282 1245 325 perperamque
1268 275 1573 326 pungnatum,
1595 270 1681 312 sibi
1703 285 1790 313 suo
1812 271 2037 314 facillimis

354 339 424 376 est
440 334 508 390 (ut
522 334 570 376 id
586 334 732 391 opido
747 335 924 377 timoris
939 336 1156 377 instinctu
1171 335 1467 392 desideranti)
1483 337 1775 379 suasionibus
1790 352 1817 380 a
1831 338 2038 394 quodam

354 400 567 443 familiari
581 415 871 457 persuasum,
885 403 1102 458 quatinus
1117 416 1173 444 eo
1188 416 1296 444 cum
1311 404 1520 445 trecentis
1536 403 1720 445 milibus
1736 397 2035 447 armatorum¹

355 468 403 509 in
417 468 581 509 Grecia
599 467 808 518 dimisso,
825 482 966 510 suum
983 468 1069 510 sibi
1086 482 1196 510 sane
1213 469 1499 511 consulendo
1517 483 1600 526 per
1616 470 1817 513 reditum
1834 484 1884 513 se
1914 471 2025 528 {18¹1

355 535 556 591 recipere
569 539 731 591 pergat
744 535 792 577 in
804 549 1012 591 regnum.
1027 536 1340 592 Racionesque
1353 550 1516 578 suasor
1529 536 1763 579 subiunxit
1776 537 1836 579 ad
1851 551 2038 594 persua-

355 601 567 643 dendum
587 601 713 644 tales:
734 602 901 658 prim0,
921 616 980 644 ne
1000 603 1103 658 quis
1125 602 1381 644 sediciones
1402 603 1450 645 in
1469 618 1611 659 regno
1632 609 1832 653 moueat,
1852 604 2038 647 aduersi

355 673 536 724 recepta
556 668 663 710 belli
682 682 765 725 per
783 668 958 711 famam
978 668 1114 711 fama.
1135 669 1348 711 Secundo
1368 669 1608 712 subintulit
1627 676 1707 712 aut
1725 685 1775 713 se
1795 676 1890 713 tam
1908 671 2039 714 breui

354 749 497 776 manu
512 749 608 777 non
622 736 721 777 sine
736 749 904 792 magna
920 736 1162 778 Persarum
1178 735 1321 792 gloria
1335 737 1548 778 Greciam
1563 737 1948 794 perdomiturum,
1961 737 2037 780 vel

354 802 393 843 si
419 815 552 843 secus
580 816 777 858 sequens
804 803 1009 844 euenerit
1035 808 1229 844 euentus
1257 817 1306 844 se
1332 804 1430 845 sine
1456 804 1575 860 regis
1602 804 1811 846 hostibus
1838 804 2037 847 absentis

354 868 543 911 infamia
583 883 836 911 cessurum.
877 869 1082 911 Probatis
1123 870 1261 926 igitur
1300 869 1495 927 probato
1535 871 1794 913 racionibus
1833 871 2038 922 consilio,

354 936 604 992 quemlibet
630 937 795 978 timore
820 937 931 979 citra
959 937 1191 993 pudorem
1216 942 1416 994 punctus
1443 939 1650 987 attonito,
1675 939 1783 995 quia
1808 938 1885 981 uel
1909 939 1959 981 in
1983 952 2037 981 ea

353 1002 502 1045 fuerat
522 1003 783 1045 admodum
803 1009 933 1060 parte
953 1003 1097 1046 facilis
1116 1009 1161 1046 et
1180 1003 1315 1061 frugi,
1334 1005 1502 1061 raptim
1521 1019 1629 1047 cum
1648 1006 1795 1047 tocius
1814 1006 2037 1048 exercitus

354 1075 483 1126 parte
503 1070 765 1112 recedendo
785 1070 872 1112 sibi
891 1071 1140 1127 perplacite
1159 1076 1290 1127 parat
1308 1071 1471 1113 cedere
1491 1073 1790 1127 persuasioni,

418 1136 517 1190 [18.]
539 1137 629 1178 Sed
664 1137 823 1178 audita
856 1138 991 1179 Greci
1024 1139 1143 1194 regis
1178 1137 1297 1179 adeo
1331 1139 1569 1179 temeraria
1603 1144 1697 1180 tam
1731 1138 1881 1180 timidi
1913 1138 2037 1195 fuga,

353 1204 507 1260 pontis
527 1204 641 1245 inire
661 1209 859 1260 pergunt
878 1204 1245 1261 interrumpendi
1263 1204 1508 1246 consilium
1526 1219 1666 1262 quem
1685 1219 1772 1246 suo
1790 1211 2037 1247 contumax

353 1271 402 1312 in
420 1271 630 1327 ingressu
651 1272 803 1327 primo
823 1272 956 1328 quasi
977 1277 1084 1313 tunc
1106 1272 1244 1313 maris
1265 1271 1600 1328 hominumque
1619 1273 1766 1314 victor
1784 1272 1940 1315 Abido
1960 1286 2038 1315 rex

353 1338 641 1387 instruxerat,
658 1352 823 1379 verum
840 1352 949 1379 cum
966 1338 1213 1380 bellissime
1231 1338 1456 1380 discretus
1475 1339 1523 1380 id
1541 1339 1733 1395 quidam
1751 1340 2038 1396 pertinaciter

354 1403 658 1453 dissuaderet,
673 1405 985 1446 sensatissime
1001 1405 1166 1446 timens
1182 1418 1240 1446 ne
1255 1405 1318 1446 sic
1333 1404 1489 1446 hostes
1505 1405 1736 1447 interclusi
1751 1405 2038 1462 desperacio-

353 1485 460 1512 nem
478 1471 538 1512 de
554 1471 702 1513 salute
717 1485 850 1513 secus
867 1472 1154 1527 suspicantes
1171 1472 1219 1513 in
1235 1473 1573 1514 animositatem
1588 1478 1829 1522 verterent,
1844 1478 1896 1514 ut
1911 1472 1978 1522 fit,
1993 1478 2038 1514 et

353 1539 401 1579 in
415 1539 648 1588 virtutem,
665 1538 748 1580 sed
766 1543 811 1580 et
827 1539 911 1580 iter
927 1539 1134 1580 animose
1150 1539 1278 1595 quod
1296 1539 1424 1581 aliter
1439 1553 1534 1581 non
1550 1545 1724 1596 pateret
1739 1539 1860 1582 ferro
1875 1539 2037 1582 ferien-

353 1604 417 1647 do
434 1611 661 1662 pararent,
678 1606 787 1647 satis
804 1606 950 1647 eciam
967 1605 1139 1648 multos
1156 1606 1311 1648 hostes
1328 1607 1377 1648 in
1391 1607 1553 1648 Grecia
1569 1621 1804 1649 remanere
1820 1606 2037 1649 subdicti-

353 1677 468 1722 tans,
492 1672 697 1715 hostium
721 1687 804 1715 nec
829 1674 987 1729 augeri
1010 1687 1258 1715 numerum
1281 1673 1522 1715 retinendo
1546 1675 1609 1715 sic
1633 1674 1801 1716 invitos
1825 1679 2038 1730 oportere

353 1739 642 1782 laudabiliter
677 1739 891 1796 allegans.
926 1740 1016 1782 Sed
1051 1754 1160 1782 cum
1194 1755 1281 1782 suo
1316 1741 1380 1782 sic
1416 1740 1658 1797 allegando
1693 1755 1821 1783 more
1855 1741 2037 1782 vincere

352 1812 526 1855 ceteros
543 1821 639 1848 non
654 1808 895 1863 potuisset,
910 1807 1158 1849 subtilitate
1173 1808 1244 1849 vir
1259 1821 1399 1864 veges
1415 1813 1460 1849 et
1475 1807 1680 1857 consilio,
1695 1821 1829 1849 suam
1844 1821 1935 1864 que
1949 1807 2036 1849 sibi

353 1874 416 1915 sic
438 1888 534 1915 non
553 1873 699 1915 valuit
720 1873 808 1916 alia
829 1875 905 1916 via
927 1873 1175 1916 salutarem
1197 1888 1410 1916 reuersus
1433 1874 1493 1916 ad
1515 1874 1825 1923 subtilitatem,
1847 1888 2036 1916 seruum

353 1942 647 1997 sagacissime
669 1941 988 1991 subornatum,
1010 1956 1150 1998 quem
1172 1941 1389 1983 facillimo
1411 1941 1716 1998 predidicerat
1740 1947 1910 1984 terrore
1930 1955 2037 1983 con-

352 2008 658 2058 sternabilem,
686 2009 937 2050 transmisit
964 2008 1024 2050 ad
1053 2023 1208 2065 regem
1236 2009 1399 2050 timore
1426 2009 1535 2050 satis
1562 2010 1654 2050 iam
1680 2013 2037 2058 consternatum,

352 2089 531 2131 suoque
555 2074 663 2117 facit
685 2075 878 2117 consilio
902 2076 1330 2124 constemaciorem,
1354 2075 1470 2117 dum
1494 2075 1604 2132 fuga
1628 2075 1793 2117 suadet
1816 2076 1859 2117 ei
1882 2076 2035 2132 pontis

352 2156 578 2199 occupare
598 2142 818 2184 citissima
851 2141 968 2199 118Ἴ
1001 2143 1256 2184 transitum.

416 2209 515 2264 [19.]
539 2210 750 2252 Protinus
781 2209 855 2252 ille
886 2224 973 2252 suo
1004 2224 1133 2252 more
1163 2211 1536 2252 consternacione
1567 2224 1827 2267 percussus,
1858 2209 2035 2252 traditis

351 2278 635 2319 exercituum
667 2277 864 2319 ducibus
895 2283 947 2319 ut
978 2291 1058 2319 eos
1090 2277 1394 2334 perducerent
1425 2277 1659 2327 militibus,
1690 2277 1898 2334 trepidus
1928 2291 2036 2319 cum

352 2345 511 2401 paucis
534 2345 842 2401 ignominiose
863 2336 1118 2387 contendit²
1140 2344 1363 2394 Abidum,
1385 2344 1697 2402 scaphamque
1718 2358 1810 2402 qua
1832 2349 2036 2386 transue-

351 2411 535 2454 heretur
553 2417 753 2454 tremens
771 2417 840 2454 est
858 2413 1092 2469 ingressus
1111 2413 1416 2469 piscatoriam.
1435 2412 1552 2454 Talis
1571 2426 1730 2454 reuera
1748 2426 1819 2454 res
1837 2417 1882 2454 et
1899 2425 2036 2454 euen-

352 2484 426 2521 tus
457 2479 643 2536 speciali
673 2485 781 2521 tunc
812 2479 899 2521 fuit
928 2479 1190 2536 spectaculo
1220 2479 1474 2536 perdignus
1504 2485 1549 2521 et
1577 2480 1872 2521 estimacione
1901 2479 2035 2521 sortis

351 2546 553 2588 humane
587 2561 743 2589 rerum
776 2561 859 2603 per
891 2547 1134 2589 varietates
1169 2546 1486 2596 admirandus,
1519 2547 1567 2589 in
1600 2561 1747 2603 paruo
1781 2547 2036 2603 principem

350 2613 510 2655 videre
531 2615 719 2670 nauigio
742 2614 996 2656 latitantem
1018 2628 1158 2670 quem
1181 2613 1321 2670 paulo
1343 2614 1420 2655 vix
1443 2619 1548 2655 ante
1570 2614 1709 2655 maris
1731 2627 1876 2670 equor
1897 2626 2036 2655 omne

350 2680 559 2737 capiebat
571 2682 795 2723 exercitus
809 2682 857 2723 in
869 2680 1093 2723 infinitate
1107 2681 1390 2737 gloriantem.
1404 2680 1621 2731 Quolibet
1634 2682 1778 2722 eciam
1792 2694 2035 2722 seruorum

351 2749 604 2789 ministerio
625 2753 720 2790 tam
740 2749 831 2790 cito
851 2753 1039 2804 tamque
1059 2748 1347 2790 derisibiliter
1367 2748 1640 2789 destitutum
1659 2749 1791 2789 cuius
1811 2748 2033 2789 exercitus

351 2816 480 2857 terris
501 2816 646 2857 eciam
667 2829 832 2872 graues
852 2820 981 2857 erant
1001 2815 1310 2857 multitudinis
1331 2820 1519 2871 propter
1538 2814 1822 2857 infinitatem.

423 3024 434 3045 ¹
452 3036 679 3064 armatorum
694 3030 816 3074 Justin,
831 3041 895 3064 om.
914 3031 937 3064 S

423 3079 436 3101 ²
451 3087 643 3121 contendit
658 3087 779 3130 lustin,
794 3086 1010 3121 conscendit
1027 3087 1050 3121 S
