2132 3346
258 364 310 390 110

258 699 309 724 115

257 1033 308 1058 120

256 1367 308 1393 125

256 1702 307 1727 130

256 2036 307 2061 135

255 2374 307 2399 140

255 2711 306 2735 145

372 148 461 189 186
598 156 785 190 SERIUM
807 157 1112 191 SENECTUTIS

370 281 603 337 Suamque
620 295 761 323 suum
778 282 843 323 sic
860 281 921 324 ad
939 282 1092 324 Deum
1110 282 1372 324 oracionem
1389 282 1719 339 subsequenter
1736 282 1869 325 fudit:
1887 283 2053 326 Reuer-

372 353 493 390 tatur
512 347 650 390 huius
671 348 825 390 anima
844 349 977 405 pueri
996 362 1095 398 sua,
1115 348 1303 391 domine
1323 362 1498 405 precor,
1517 349 1565 391 in
1582 350 1770 391 viscera.

435 414 506 469 [8.]
529 414 671 466 Quod
687 414 862 457 factum
877 416 1087 472 protinus
1102 421 1172 458 est
1186 416 1262 465 ita,
1276 416 1356 472 qui
1371 416 1488 458 sicut
1503 430 1530 458 a
1544 416 1700 472 peritis
1716 430 1832 473 puer
1846 416 2054 473 perhibe-

371 487 446 524 tur
475 487 637 538 postea
667 482 800 524 Ionas
830 481 918 524 fuit
947 482 1187 539 propheta,
1216 496 1311 539 quo
1341 482 1493 539 dignis
1524 482 1707 539 dignior
1735 482 1882 525 factus
1913 483 2052 540 digne

371 548 551 590 dicatur
565 562 591 590 a
607 548 881 605 dignissimo
896 549 1155 591 suscitatus.
1170 549 1314 606 Atqui
1327 549 1424 591 suis
1439 549 1502 591 sic
1518 549 1817 606 supplicantis
1832 550 2053 592 sermoni·

370 615 457 657 bus
491 629 546 657 ex
580 615 799 672 predictis
833 615 996 658 efficax
1030 615 1365 658 inmortalitatis
1399 616 1551 658 anime
1584 617 1707 658 sumi
1752 615 1869 673 Ι49Ἴ
1914 630 2053 673 posse

370 682 556 724 videtur
569 687 910 739 argumentum,
924 682 1042 724 dum
1055 683 1188 739 pueri
1201 687 1413 739 precatur
1426 683 1629 725 animam
1642 684 1809 725 reuerti
1821 697 1991 740 corpus
2005 684 2054 726 in

371 750 684 791 exanimatum
701 763 876 806 sueque
893 749 1248 806 supplicacionis
1266 749 1385 791 adeo
1402 749 1682 792 laudabilem
1697 751 1823 792 venit
1839 750 1900 792 ad
1917 750 2052 792 effec-

371 821 484 858 tum:
501 817 587 858 Dei
604 821 712 858 tunc
730 817 779 858 in
794 816 872 858 tali
888 830 1000 858 casu
1015 817 1087 858 vir
1103 821 1256 858 tantus
1273 809 1511 858 exauditu¹
1530 816 1844 873 dignissimus,
1859 818 1991 859 cuius
2007 822 2052 859 et

371 882 524 925 adhuc
544 897 571 925 a
589 882 805 925 veridicis
825 882 1090 939 perhibetur
1108 883 1266 925 viuere
1285 882 1544 925 virtutibus.

435 949 506 1003 [9.]
527 949 618 991 Sed
637 950 731 991 iam
748 963 871 991 nunc
889 949 1009 991 adeo
1028 949 1237 1006 dignum,
1255 950 1295 991 si
1312 949 1433 999 libet,
1451 949 1583 992 Helie
1601 950 1882 1007 discipulum
1898 951 2054 992 venia-

371 1030 476 1058 mus
497 1015 558 1058 ad
579 1016 835 1073 Helyseum
854 1016 983 1058 velut
1003 1030 1029 1058 a
1050 1021 1177 1058 tanto
1198 1021 1378 1058 tantum
1398 1016 1668 1073 dignissime
1688 1016 2051 1059 denominatum.

370 1083 620 1140 Postquam
639 1097 752 1125 uero
772 1083 1041 1125 subleuatus
1062 1083 1120 1125 ab
1138 1097 1194 1125 eo
1214 1097 1353 1125 suum
1373 1097 1460 1125 suo
1480 1083 1796 1140 duplicauerat
1815 1083 1986 1140 Helyas
2005 1084 2054 1126 in

370 1149 557 1192 Heliseo
572 1151 801 1206 spiritum,
815 1164 955 1192 suum
970 1149 1099 1206 quod
1115 1150 1274 1192 habuit
1288 1151 1337 1192 in
1349 1151 1552 1192 Samaria
1567 1164 1780 1192 reuersus
1794 1155 1863 1192 est
1878 1150 2053 1192 Helise-

370 1231 426 1258 us
443 1218 492 1259 in
508 1216 810 1266 domicilium,
826 1217 919 1273 qui,
936 1222 1185 1273 postquam
1202 1217 1400 1273 plurima
1417 1216 1598 1259 fecisset
1613 1218 1662 1259 in
1676 1218 1864 1259 nomine
1878 1217 1964 1259 Dei
1980 1217 2054 1259 sui

370 1298 630 1340 magnaque
648 1283 872 1326 mirabilia
890 1298 1117 1340 suamque
1133 1284 1335 1326 venisset
1352 1285 1401 1325 in
1417 1284 1663 1333 ciuitatem,
1681 1283 1884 1326 mulieris
1901 1284 2053 1326 cuius-

370 1350 481 1393 dam
495 1351 613 1393 sicut
626 1350 797 1407 hospes
812 1350 993 1392 oblatus
1009 1350 1296 1392 domicilium
1310 1365 1404 1407 quo
1417 1350 1572 1392 cibum
1585 1356 1786 1393 sumeret
1799 1356 1868 1393 est
1882 1351 2053 1407 ingres-

370 1432 464 1468 sus,
477 1418 711 1460 humiliter
723 1423 768 1460 et
782 1418 840 1460 ab
853 1432 907 1460 ea
921 1432 1074 1460 mores
1088 1423 1140 1460 ut
1154 1417 1323 1460 habent
1335 1417 1726 1460 commendabiles
1739 1423 1808 1460 est
1821 1423 2051 1475 exceptus.

370 1485 514 1542 quue
540 1477 668 1527 cum²
696 1486 853 1542 sepius
881 1490 982 1527 tum
1010 1490 1200 1542 propter
1226 1485 1376 1527 cultus
1404 1476 1709 1527 edicularum³
1737 1490 1837 1527 tum
1865 1490 2053 1542 propter

369 1551 669 1594 honestarum
696 1552 974 1594 domesticas
1002 1552 1173 1594 domus
1200 1552 1462 1594 honestates
1488 1551 1879 1594 consuetudinum
1905 1551 2053 1594 facere

369 1620 700 1668 consueuisset,
719 1619 793 1660 sui
812 1619 977 1660 mulier
995 1618 1313 1675 contemplans
1333 1619 1527 1675 hospitis
1548 1619 1633 1660 sibi
1652 1619 1808 1675 sepius
1829 1619 1892 1660 sic
1913 1618 2052 1660 oblati

370 1699 537 1734 mores,
576 1699 854 1742 morumque
893 1685 1063 1727 modos
1103 1699 1262 1727 secum
1301 1699 1442 1741 quam
1482 1686 1680 1727 maxime
1719 1684 2051 1727 commendans

369 1752 815 1801 consuetudinarios,
834 1753 948 1794 tanti
967 1766 1062 1794 non
1081 1757 1260 1794 tantum
1280 1752 1494 1809 probauit
1512 1753 1598 1794 viri
1617 1757 1792 1794 tantam
1809 1765 2052 1794 conuersa-

369 1820 563 1868 cionem,
580 1819 663 1861 sed
681 1824 726 1861 et
743 1833 830 1861 suo
846 1833 954 1861 cum
971 1819 1058 1861 sibi
1074 1819 1232 1861 liberet
1248 1820 1296 1861 in
1312 1819 1546 1860 domicilio
1562 1819 1747 1861 licenter
1762 1824 1807 1860 et
1823 1832 1908 1875 pro
1925 1817 2052 1860 libito

368 1887 593 1927 concessit
620 1885 788 1927 habere
815 1885 1220 1927 cohabitacionem.
1249 1886 1347 1927 Nec
1374 1885 1461 1927 hiis
1489 1885 1659 1927 femina
1688 1890 1782 1927 tam
1809 1884 1939 1927 fortis
1967 1898 2051 1926 sue

369 1952 512 1994 finem
538 1953 888 2009 gratificacionis
915 1954 1071 2009 posuit
1097 1954 1146 1994 in
1170 1952 1354 2002 finibus,
1379 1966 1543 1994 verum
1569 1954 1670 1994 viro
1695 1951 2052 1994 commendabili

369 2025 500 2061 motu
512 2033 599 2061 suo
611 2020 756 2061 suasit
767 2019 1049 2076 tandemque
1059 2019 1257 2061 feminea
1269 2020 1580 2076 pertinacitate
1590 2020 1854 2061 continuata
1865 2031 2051 2075 persua-

369 2087 440 2135 sit,
455 2092 507 2128 ut
523 2087 571 2128 in
585 2092 765 2143 partem
781 2100 894 2128 suus
911 2086 997 2128 sibi
1013 2100 1224 2128 seorsum
1238 2087 1310 2128 vir
1324 2086 1554 2128 ediculam
1569 2085 1750 2134 faceret,
1765 2091 2051 2141 stratumque

369 2153 455 2196 sibi
494 2159 728 2204 sterneret,
768 2153 1120 2211 mensulamque
1160 2153 1298 2196 simul
1337 2158 1382 2195 et
1421 2153 1594 2203 sellam,
1633 2152 2052 2210 candelabrumque

369 2227 574 2279 poneret,
586 2222 695 2279 quia
707 2235 891 2263 summe
903 2222 1058 2263 virum
1070 2222 1252 2263 virtutis
1265 2235 1374 2263 eum
1386 2222 1583 2263 caritatis
1597 2221 1852 2263 sinceritate
1864 2220 2052 2262 comita-

370 2294 470 2331 tum
484 2289 781 2340 coniectabat,
796 2289 879 2331 sed
895 2294 940 2331 et
955 2290 1003 2331 in
1016 2290 1206 2331 veritate
1221 2288 1435 2331 credebat
1449 2303 1550 2330 esse
1565 2289 1861 2346 mancipium,
1875 2287 2052 2345 sibique

369 2357 702 2414 subsequenter
740 2357 1138 2399 subministrarent
1175 2371 1265 2414 que
1303 2356 1587 2399 cotidianum
1626 2356 1775 2398 forent
1813 2355 1873 2398 ad
1911 2369 2051 2397 vsum

368 2424 628 2481 frugalitate
668 2425 1044 2481 parcimoniaque
1083 2425 1354 2466 comitatum
1396 2423 1625 2479 (videlicet
1664 2423 1724 2465 ad
1765 2422 2051 2465 esculentum

369 2491 794 2549 poculentumque),
808 2491 1067 2548 talibusque
1080 2491 1227 2533 taliter
1240 2491 1476 2540 ordinatis,
1489 2504 1628 2533 suum
1641 2504 1750 2532 cum
1762 2490 1937 2532 veniret
1949 2489 2050 2531 solo

368 2573 476 2601 cum
493 2560 721 2601 seruiente
736 2559 867 2601 Giezi
884 2572 1043 2600 secure
1059 2558 1306 2600 diuerteret
1322 2558 1535 2600 Heliseus
1552 2559 1600 2599 in
1614 2557 1896 2599 cenaculum.
1927 2555 2039 2613 15οἸ

433 2626 532 2680 [10.]
554 2627 728 2668 Verum
743 2627 851 2683 quia
867 2627 1020 2683 quiuis
1036 2627 1107 2668 vir
1122 2639 1232 2668 sane
1248 2631 1458 2668 sensatus
1474 2639 1524 2667 se
1539 2624 1614 2667 uel
1629 2624 1893 2667 naturaliter
1907 2624 2050 2666 teneri

368 2694 584 2735 continue
605 2707 786 2735 memor
806 2698 875 2735 est
896 2692 956 2735 ad
979 2692 1199 2742 antidota,
1221 2707 1355 2734 suam
1376 2692 1451 2734 uel
1472 2693 1520 2734 in
1540 2691 1694 2748 aliquo
1714 2692 1904 2748 cupiens
1926 2690 2050 2733 Heli-

368 2775 475 2802 seus
496 2760 799 2803 antidotizare
819 2765 914 2802 tam
934 2774 1045 2802 sane
1064 2759 1349 2809 familiarem,
1369 2759 1522 2816 siquid
1544 2773 1570 2801 a
1590 2773 1639 2801 se
1659 2758 1745 2801 sibi
1763 2758 1934 2800 femina
1954 2762 2049 2799 tam

441 2982 453 3004 ¹
470 2998 514 3021 ex
529 2987 661 3021 auditu
679 2988 702 3021 S

441 3037 454 3059 ²
470 3054 556 3077 cum
572 3043 621 3077 ed.

440 3092 455 3115 ³
470 3099 702 3133 ediculorum
719 3100 742 3133 S
