2132 3346
260 515 294 540 95

242 850 294 875 100

242 1183 293 1208 105

242 1518 293 1543 110

242 1852 293 1877 115

242 2187 293 2212 120

242 2526 293 2550 125

356 165 445 206 168
582 173 770 206 SERIUM
791 173 1096 206 SENECTUTIS

355 297 626 354 corporibus
657 298 820 339 mortis
850 297 1066 339 indubias
1097 311 1180 354 per
1210 298 1490 339 asserciones
1522 290 1708 340 deduci¹
1740 312 2038 341 communem

355 378 451 406 non
465 363 677 406 dubitent
691 363 752 406 ad
767 365 1016 413 interitum,
1030 364 1271 420 presertim
1284 378 1392 406 cum
1406 378 1489 406 nec
1504 369 1707 421 potestas
1722 378 1940 421 suprema
1953 378 2036 407 nec

356 432 604 473 Ramnusie
625 430 942 473 beniuolencia
966 430 1185 487 (fatorum
1206 432 1553 488 perseuerancia
1576 431 1635 473 de
1657 445 1748 488 qua
1771 431 2036 489 gloriamur)

355 498 609 540 humanam
624 497 880 555 specialiter
894 499 943 540 in
955 498 1084 540 nullo
1098 498 1377 555 spirantibus
1392 513 1474 555 pre
1487 490 1667 541 ceteris²
1681 498 2039 556 priuilegiauerit

356 565 699 615 animalitatem,
711 565 795 608 sed
810 565 896 607 sibi
908 579 1049 608 suum
1061 564 1259 622 speciale
1272 564 1451 607 donum
1463 566 1622 608 ceteris
1635 565 1802 608 habere
1813 567 2038 608 concessit

355 637 407 674 ut
422 632 697 674 animalibus
711 633 954 682 vniuersis;
969 646 1130 674 reuera
1144 646 1227 674 nec
1243 631 1292 674 id
1307 632 1498 674 inficiari
1512 646 1626 674 sano
1640 633 1857 689 cuiquam
1871 632 1941 674 fas
1955 637 2037 675 est.

420 699 491 753 [5.]
513 700 778 756 Sagacitatis
801 700 850 741 in
871 699 1091 740 exercicio
1114 698 1202 740 sub
1224 698 1321 740 sole
1344 698 1622 756 spirantibus
1645 704 1714 741 est
1735 699 1878 741 homo
1913 698 2026 756 '44¹1

356 767 647 808 meritissime
670 765 973 823 preferendus
997 771 1049 808 ut
1070 766 1187 808 inter
1209 765 1469 808 subsolares
1492 766 1846 815 sensatissimus,
1869 765 2039 808 animal

355 832 428 875 leo
443 833 629 889 rugiens
644 833 693 875 in
706 832 894 875 audatia
908 833 1212 889 primitiuum,
1225 833 1491 874 viuencium
1504 833 1668 874 viuens
1683 832 1853 875 animal
1867 833 2039 875 anima-

356 899 470 942 lium
489 899 620 941 fortis
641 899 861 956 elephans
882 898 1201 948 fortissimum,
1219 898 1451 941 velocium
1471 900 1598 956 tigris
1619 898 1789 941 animal
1807 898 2039 941 velocissi-

355 980 501 1015 mum,
529 967 636 1008 visu
664 967 1001 1022 perspicacium
1029 965 1122 1008 linx
1151 965 1321 1008 animal
1349 967 1811 1022 perspicacissimum,
1838 967 1963 1008 canis
1991 966 2041 1008 in

355 1032 555 1075 odoratu
585 1032 1059 1090 precellentissimum,
1089 1032 1258 1089 phenix
1288 1033 1337 1074 in
1365 1032 1706 1089 pulchritudine
1735 1033 2039 1089 prestantissi-

355 1114 500 1149 mum;
527 1099 771 1142 cuiuslibet
796 1100 943 1141 eciam
970 1100 1221 1156 gratiarum
1247 1104 1343 1141 tam
1368 1100 1494 1141 varie
1521 1099 1840 1141 distinctarum
1866 1099 2038 1155 gradus

355 1167 623 1223 peruenitur
642 1165 703 1208 ad
723 1180 964 1208 summum
983 1180 1066 1222 per
1083 1166 1209 1208 varie
1229 1165 1481 1208 distinctos.
1501 1167 1697 1208 Astutus
1716 1165 1907 1222 quidem
1927 1165 2038 1222 (quo

355 1233 431 1275 uel
457 1233 745 1289 aliquatenus
771 1232 902 1275 labiis
928 1232 1137 1275 laxentur
1162 1232 1355 1288 habene)
1383 1246 1493 1274 sane
1519 1232 1747 1275 iudicatur
1772 1246 1874 1275 esse
1898 1233 2038 1281 canis,

355 1301 555 1342 astucior
589 1299 733 1342 homo
769 1313 888 1357 pene
922 1300 1071 1356 symia
1106 1304 1267 1341 nature
1303 1299 1636 1356 degenerantis,
1670 1299 1813 1341 homo
1847 1298 2039 1356 quidem

355 1367 597 1409 sanissime
633 1372 846 1409 censetur
883 1367 1207 1409 astutissimus.
1245 1367 1400 1423 Equus
1438 1365 1582 1415 fortis,
1619 1365 1786 1408 forcior
1821 1365 2038 1415 camelus,

355 1425 594 1491 elephans³
621 1433 915 1483 fortissimus
942 1433 1330 1490 consimiliterque
1357 1433 1582 1490 procedas
1610 1434 1658 1475 in
1684 1434 1843 1475 ceteris
1871 1447 1930 1475 ne
1956 1446 2039 1489 per

355 1501 536 1558 singula
556 1501 792 1558 superflue
812 1501 1140 1543 discurramus.

419 1568 490 1622 [6.]
512 1568 732 1610 Subtilius
758 1569 912 1624 itaque
937 1568 1166 1609 discutere
1191 1572 1352 1624 pergat
1376 1567 1601 1609 subtilitas
1626 1567 1922 1609 humanitatis
1947 1580 2039 1623 qua

355 1636 537 1677 racione
553 1649 740 1677 summo
755 1635 1016 1677 concessori
1032 1639 1240 1676 teneatur
1254 1634 1410 1683 homo,
1426 1648 1511 1691 pro
1526 1648 1743 1676 concessa
1758 1633 1844 1676 sibi
1859 1633 2037 1676 subtilis

355 1703 528 1744 astucie
565 1703 723 1758 gratia,
761 1694 947 1758 gratias*
985 1702 1045 1743 ad
1083 1701 1346 1750 exibendas,
1383 1701 1488 1758 plus
1525 1692 1684 1757 quam⁵
1722 1706 1816 1743 tam
1853 1700 2039 1757 speciali

356 1773 543 1825 tamque
563 1768 774 1810 miranda
794 1782 879 1810 sua
899 1768 1030 1810 fortis
1050 1768 1269 1825 elephans
1289 1782 1375 1824 pro
1395 1767 1677 1817 fortitudine,
1696 1767 1788 1810 linx
1808 1767 2039 1809 luminum

355 1849 441 1891 pro
454 1836 813 1891 perspicacitate,
826 1849 1060 1891 quamque
1072 1840 1220 1876 cetera
1234 1835 1373 1890 gratis
1387 1834 1473 1876 sibi
1484 1835 1712 1876 concessis
1725 1833 1939 1876 animalia
1952 1847 2038 1890 pro

356 1902 530 1958 graciis.
544 1902 646 1943 Hoc
659 1902 805 1943 eciam
817 1901 1030 1943 subtilius
1043 1901 1268 1943 subtilitas
1281 1900 1572 1942 considerare
1584 1900 1770 1942 deberet
1781 1900 2038 1942 humanita-

356 1969 412 2010 tis
426 1968 555 2025 quod
571 1969 620 2010 in
632 1968 719 2010 hoc
734 1969 860 2010 Deus
876 1969 1106 2010 insensate
1119 1967 1320 2025 preferre
1334 1967 1519 2009 videtur
1532 1966 1796 2009 hominibus
1811 1965 2038 2016 animalia,

355 2035 483 2093 quod
520 2036 736 2093 congruis
772 2040 817 2077 et
853 2035 1222 2077 indeficientibus
1260 2034 1464 2091 (homine
1499 2034 1720 2076 nuditatis
1756 2034 2038 2091 improperio

355 2103 620 2145 naturaliter
633 2102 966 2160 dampnificato
979 2103 1079 2159 sue)
1094 2102 1316 2144 nuditatis
1329 2102 1531 2159 preuidit
1543 2102 1608 2144 eis
1621 2102 1862 2143 vetustatis
1875 2114 2037 2143 omnes

354 2171 465 2212 citra
493 2170 742 2212 violencias
772 2170 1006 2212 duraturis
1036 2169 1096 2212 ad
1125 2169 1376 2226 expediens
1405 2170 1453 2211 in
1481 2169 1775 2211 indumentis.
1804 2168 2037 2210 Gratuitas

355 2238 500 2279 eciam
515 2237 847 2279 beneficiorum
862 2251 946 2294 per
959 2237 1231 2279 collaciones
1247 2236 1392 2278 brutis
1408 2236 1654 2278 bellissime
1669 2235 1894 2293 prodigus
1909 2240 1978 2277 est
1993 2240 2038 2276 et

355 2305 686 2362 elegantissime
702 2304 976 2362 gratificatus
993 2304 1276 2354 animalibus,
1291 2318 1384 2361 quo
1399 2303 1594 2361 quelibet
1607 2302 2036 2346 consuetudinaliter

357 2373 639 2430 (hominibus
675 2373 917 2415 dumtaxat
951 2372 1169 2430 exceptis)
1206 2363 1439 2414 animalia⁶
1473 2371 1666 2414 beantur
1699 2371 1858 2413 euexie
1891 2371 2037 2413 rarius

355 2440 628 2498 interpolata
652 2441 1017 2490 continuacione,
1043 2440 1313 2497 diutinaque
1339 2454 1422 2497 per
1447 2445 1656 2496 tempora
1681 2439 1774 2481 vite
1799 2439 1965 2480 viuunt
1991 2438 2039 2480 in

355 2508 611 2565 equalitate.
635 2507 871 2565 Quodque
895 2507 1043 2550 multo
1067 2507 1319 2550 mirabilius
1343 2512 1425 2557 est,
1448 2507 1693 2549 senectutis
1717 2520 1904 2548 omnem
1927 2506 2037 2547 citra

355 2576 737 2617 nouercacionem
751 2575 1013 2632 pulchriora
1028 2575 1249 2631 temporis
1264 2574 1526 2616 efficiuntur
1553 2573 1649 2630 144ν
1663 2574 1670 2630 Ι
1696 2587 1750 2615 ex
1766 2572 2038 2615 diuturnita-

428 2773 439 2795 ¹
457 2778 645 2812 deducero
661 2779 685 2812 S

427 2829 441 2851 ²
457 2845 522 2881 pre
537 2834 678 2878 ceteris]
696 2833 890 2880 preceteris
906 2835 929 2868 S

426 2883 441 2906 ³
456 2890 608 2937 elephas
625 2891 648 2925 S

426 2940 441 2963 ⁴
458 2947 480 2981 S
496 2947 548 2981 ad.
567 2952 734 2981 teneatur
749 2946 854 2993 before
869 2946 917 2981 ad

427 2996 442 3019 ⁵
457 3002 542 3049 plus
558 3001 686 3049 quam]
704 3012 819 3048 quam
835 3012 903 3048 pro
919 3002 942 3036 S

427 3053 442 3075 ⁶
456 3064 511 3093 est
610 3058 799 3102 animalia]
823 3064 878 3092 est
900 3057 1174 3104 elegantissime
1196 3057 1431 3103 gratificatus,
1453 3056 1517 3102 qui
1540 3056 1701 3102 quelibet
1724 3055 1876 3089 homine
1898 3054 2037 3100 quique

354 3115 708 3149 consuetudinaliter
724 3114 954 3160 (hominibus
970 3114 1163 3148 dumtaxat
1178 3113 1351 3159 exceptis)
1368 3112 1591 3147 animalibus
1606 3111 1780 3146 animalia
1797 3112 1820 3145 S
