<?xml version="1.0" encoding="UTF-8"?>
<!DOCTYPE html PUBLIC "-//W3C//DTD XHTML 1.0 Transitional//EN"
    "http://www.w3.org/TR/xhtml1/DTD/xhtml1-transitional.dtd">
<html xmlns="http://www.w3.org/1999/xhtml" xml:lang="en" lang="en">
 <head>
  <title>
</title>
<meta http-equiv="Content-Type" content="text/html;charset=utf-8" />
  <meta name='ocr-system' content='tesseract 3.04.00' />
  <meta name='ocr-capabilities' content='ocr_page ocr_carea ocr_par ocr_line ocrx_word'/>
</head>
<body>
  <div class='ocr_page' id='page_1' title='image "./seriumsenectutis00eliauoft_0110.png"; bbox 0 0 2132 3346; ppageno 0'>
   <div class='ocr_carea' id='block_1_1' title="bbox 245 549 297 574">
    <p class='ocr_par' dir='ltr' id='par_1_1' title="bbox 245 549 297 574">
     <span class='ocr_line' id='line_1_1' title="bbox 245 549 297 574; baseline 0 0"><span class='ocrx_word' id='word_1_1' title='bbox 245 549 297 574; x_wconf 81' lang='lat'><strong>335</strong></span> 
     </span>
    </p>
   </div>
   <div class='ocr_carea' id='block_1_2' title="bbox 245 1553 296 1578">
    <p class='ocr_par' dir='ltr' id='par_1_2' title="bbox 245 1553 296 1578">
     <span class='ocr_line' id='line_1_2' title="bbox 245 1553 296 1578; baseline 0 0"><span class='ocrx_word' id='word_1_2' title='bbox 245 1553 296 1578; x_wconf 86' lang='lat'><strong>350</strong></span> 
     </span>
    </p>
   </div>
   <div class='ocr_carea' id='block_1_3' title="bbox 245 1887 297 1912">
    <p class='ocr_par' dir='ltr' id='par_1_3' title="bbox 245 1887 297 1912">
     <span class='ocr_line' id='line_1_3' title="bbox 245 1887 297 1912; baseline 0 0"><span class='ocrx_word' id='word_1_3' title='bbox 245 1887 297 1912; x_wconf 83' lang='lat'><strong>355</strong></span> 
     </span>
    </p>
   </div>
   <div class='ocr_carea' id='block_1_4' title="bbox 359 131 1068 173">
    <p class='ocr_par' dir='ltr' id='par_1_4' title="bbox 359 131 1068 173">
     <span class='ocr_line' id='line_1_4' title="bbox 359 131 1068 173; baseline 0 0"><span class='ocrx_word' id='word_1_4' title='bbox 359 131 418 173; x_wconf 92' lang='grc'><strong>94</strong></span> <span class='ocrx_word' id='word_1_5' title='bbox 554 139 742 173; x_wconf 86' lang='lat' dir='ltr'><strong><em>SERIUM</em></strong></span> <span class='ocrx_word' id='word_1_6' title='bbox 763 139 1068 173; x_wconf 88' lang='lat' dir='ltr'><strong><em>SENECTUTIS</em></strong></span> 
     </span>
    </p>
   </div>
   <div class='ocr_carea' id='block_1_5' title="bbox 357 264 2044 2666">
    <p class='ocr_par' dir='ltr' id='par_1_5' title="bbox 358 264 2043 1042">
     <span class='ocr_line' id='line_1_5' title="bbox 423 264 2042 322; baseline 0 -15"><span class='ocrx_word' id='word_1_7' title='bbox 423 264 522 319; x_wconf 88' lang='lat'><strong>[20.]</strong></span> <span class='ocrx_word' id='word_1_8' title='bbox 544 264 635 307; x_wconf 88' lang='lat' dir='ltr'><strong>Sed</strong></span> <span class='ocrx_word' id='word_1_9' title='bbox 650 278 734 307; x_wconf 91' lang='lat' dir='ltr'><strong>nec</strong></span> <span class='ocrx_word' id='word_1_10' title='bbox 750 264 1042 322; x_wconf 85' lang='lat' dir='ltr'><strong>pedestribus</strong></span> <span class='ocrx_word' id='word_1_11' title='bbox 1058 264 1391 307; x_wconf 88' lang='lat' dir='ltr'><strong>militaribusue</strong></span> <span class='ocrx_word' id='word_1_12' title='bbox 1404 266 1550 322; x_wconf 89' lang='lat' dir='ltr'><strong>copiis</strong></span> <span class='ocrx_word' id='word_1_13' title='bbox 1565 279 1680 322; x_wconf 87' lang='lat' dir='ltr'><strong>quas</strong></span> <span class='ocrx_word' id='word_1_14' title='bbox 1696 266 2042 322; x_wconf 87' lang='lat' dir='ltr'><strong>preassignaue-</strong></span> 
     </span>
     <span class='ocr_line' id='line_1_6' title="bbox 359 331 2042 388; baseline 0.001 -14"><span class='ocrx_word' id='word_1_15' title='bbox 359 336 428 374; x_wconf 88' lang='lat' dir='ltr'><strong>rat</strong></span> <span class='ocrx_word' id='word_1_16' title='bbox 449 331 509 374; x_wconf 90' lang='lat' dir='ltr'><strong>ad</strong></span> <span class='ocrx_word' id='word_1_17' title='bbox 530 331 886 388; x_wconf 88' lang='lat' dir='ltr'><strong>perducendum</strong></span> <span class='ocrx_word' id='word_1_18' title='bbox 907 331 1104 374; x_wconf 88' lang='lat' dir='ltr'><strong>ducibus</strong></span> <span class='ocrx_word' id='word_1_19' title='bbox 1124 331 1212 374; x_wconf 87' lang='lat' dir='ltr'><strong>fuit</strong></span> <span class='ocrx_word' id='word_1_20' title='bbox 1231 332 1316 374; x_wconf 91' lang='lat' dir='ltr'><strong>iter</strong></span> <span class='ocrx_word' id='word_1_21' title='bbox 1334 331 1523 374; x_wconf 88' lang='lat' dir='ltr'><strong>felicius.</strong></span> <span class='ocrx_word' id='word_1_22' title='bbox 1543 332 1781 388; x_wconf 87' lang='lat' dir='ltr'>Siquidem</span> <span class='ocrx_word' id='word_1_23' title='bbox 1799 332 2042 375; x_wconf 83' lang='lat' dir='ltr'><strong>cotidianis</strong></span> 
     </span>
     <span class='ocr_line' id='line_1_7' title="bbox 359 397 2042 455; baseline 0 -15"><span class='ocrx_word' id='word_1_24' title='bbox 359 397 592 440; x_wconf 83' lang='lat' dir='ltr'><strong>laboribus</strong></span> <span class='ocrx_word' id='word_1_25' title='bbox 630 397 843 440; x_wconf 90' lang='lat' dir='ltr'><strong>addictos</strong></span> <span class='ocrx_word' id='word_1_26' title='bbox 883 398 1002 455; x_wconf 89' lang='lat' dir='ltr'><strong>(rara</strong></span> <span class='ocrx_word' id='word_1_27' title='bbox 1038 412 1208 455; x_wconf 87' lang='lat' dir='ltr'>nempe</span> <span class='ocrx_word' id='word_1_28' title='bbox 1243 399 1486 440; x_wconf 88' lang='lat' dir='ltr'><strong>consueuit</strong></span> <span class='ocrx_word' id='word_1_29' title='bbox 1522 412 1623 440; x_wconf 89' lang='lat' dir='ltr'><strong>esse</strong></span> <span class='ocrx_word' id='word_1_30' title='bbox 1660 399 1790 455; x_wconf 84' lang='lat' dir='ltr'><strong>quies</strong></span> <span class='ocrx_word' id='word_1_31' title='bbox 1826 399 2042 440; x_wconf 81' lang='lat' dir='ltr'><strong>continue</strong></span> 
     </span>
     <span class='ocr_line' id='line_1_8' title="bbox 359 464 2043 522; baseline 0.001 -15"><span class='ocrx_word' id='word_1_32' title='bbox 359 465 688 521; x_wconf 88' lang='lat' dir='ltr'><strong>metuentibus)</strong></span> <span class='ocrx_word' id='word_1_33' title='bbox 730 464 964 507; x_wconf 79' lang='lat' dir='ltr'><strong>edulitatis</strong></span> <span class='ocrx_word' id='word_1_34' title='bbox 1006 465 1246 507; x_wconf 87' lang='lat' dir='ltr'><strong>austeritas</strong></span> <span class='ocrx_word' id='word_1_35' title='bbox 1287 464 1422 507; x_wconf 90' lang='lat' dir='ltr'><strong>famis</strong></span> <span class='ocrx_word' id='word_1_36' title='bbox 1463 471 1508 507; x_wconf 88' lang='lat' dir='ltr'><strong>et</strong></span> <span class='ocrx_word' id='word_1_37' title='bbox 1548 466 1882 522; x_wconf 86' lang='lat' dir='ltr'><strong>improperium</strong></span> <span class='ocrx_word' id='word_1_38' title='bbox 1923 465 2043 508; x_wconf 87' lang='lat' dir='ltr'><strong>male</strong></span> 
     </span>
     <span class='ocr_line' id='line_1_9' title="bbox 359 531 2042 588; baseline 0.001 -14"><span class='ocrx_word' id='word_1_39' title='bbox 359 531 645 581; x_wconf 73' lang='lat' dir='ltr'><strong>molestabat,</strong></span> <span class='ocrx_word' id='word_1_40' title='bbox 671 531 946 588; x_wconf 89' lang='lat' dir='ltr'><strong>dierumque</strong></span> <span class='ocrx_word' id='word_1_41' title='bbox 972 531 1143 574; x_wconf 91' lang='lat' dir='ltr'><strong>deinde</strong></span> <span class='ocrx_word' id='word_1_42' title='bbox 1166 531 1279 574; x_wconf 86' lang='lat' dir='ltr'><strong>fami</strong></span> <span class='ocrx_word' id='word_1_43' title='bbox 1302 531 1543 574; x_wconf 85' lang='lat' dir='ltr'><strong>casualiter</strong></span> <span class='ocrx_word' id='word_1_44' title='bbox 1567 531 1773 574; x_wconf 91' lang='lat' dir='ltr'><strong>incidens</strong></span> <span class='ocrx_word' id='word_1_45' title='bbox 1797 537 1843 574; x_wconf 87' lang='lat' dir='ltr'><strong>et</strong></span> <span class='ocrx_word' id='word_1_46' title='bbox 1866 531 2042 575; x_wconf 89' lang='lat' dir='ltr'><strong>habun-</strong></span> 
     </span>
     <span class='ocr_line' id='line_1_10' title="bbox 359 598 2042 655; baseline 0 -14"><span class='ocrx_word' id='word_1_47' title='bbox 359 598 523 641; x_wconf 89' lang='lat' dir='ltr'><strong>dancia</strong></span> <span class='ocrx_word' id='word_1_48' title='bbox 544 598 836 648; x_wconf 81' lang='lat' dir='ltr'><strong>cibariorum,</strong></span> <span class='ocrx_word' id='word_1_49' title='bbox 858 599 1084 655; x_wconf 90' lang='lat' dir='ltr'><strong>panisque</strong></span> <span class='ocrx_word' id='word_1_50' title='bbox 1105 603 1396 655; x_wconf 84' lang='lat' dir='ltr'><strong>potuumque</strong></span> <span class='ocrx_word' id='word_1_51' title='bbox 1417 599 1565 655; x_wconf 74' lang='lat' dir='ltr'><strong>copia,</strong></span> <span class='ocrx_word' id='word_1_52' title='bbox 1585 598 1771 641; x_wconf 88' lang='lat' dir='ltr'><strong>fatalem</strong></span> <span class='ocrx_word' id='word_1_53' title='bbox 1792 598 1898 655; x_wconf 90' lang='lat' dir='ltr'><strong>plus</strong></span> <span class='ocrx_word' id='word_1_54' title='bbox 1919 599 2042 641; x_wconf 88' lang='lat' dir='ltr'><strong>iusto</strong></span> 
     </span>
     <span class='ocr_line' id='line_1_11' title="bbox 358 664 2043 722; baseline 0 -15"><span class='ocrx_word' id='word_1_55' title='bbox 358 665 602 707; x_wconf 87' lang='lat' dir='ltr'><strong>voracibus</strong></span> <span class='ocrx_word' id='word_1_56' title='bbox 647 670 828 722; x_wconf 91' lang='lat' dir='ltr'><strong>pestem</strong></span> <span class='ocrx_word' id='word_1_57' title='bbox 870 666 1113 722; x_wconf 87' lang='lat' dir='ltr'><strong>perniciter</strong></span> <span class='ocrx_word' id='word_1_58' title='bbox 1155 664 1400 722; x_wconf 81' lang='lat' dir='ltr'><strong>ingerebat.</strong></span> <span class='ocrx_word' id='word_1_59' title='bbox 1445 665 1678 722; x_wconf 90' lang='lat' dir='ltr'><strong>Tantaque</strong></span> <span class='ocrx_word' id='word_1_60' title='bbox 1722 665 2043 708; x_wconf 88' lang='lat' dir='ltr'><strong>deficiencium</strong></span> 
     </span>
     <span class='ocr_line' id='line_1_12' title="bbox 358 731 2042 789; baseline 0 -15"><span class='ocrx_word' id='word_1_61' title='bbox 358 732 555 774; x_wconf 91' lang='lat' dir='ltr'><strong>fatalitas</strong></span> <span class='ocrx_word' id='word_1_62' title='bbox 588 731 864 774; x_wconf 90' lang='lat' dir='ltr'><strong>succedebat</strong></span> <span class='ocrx_word' id='word_1_63' title='bbox 896 731 1025 789; x_wconf 92' lang='lat' dir='ltr'><strong>quod</strong></span> <span class='ocrx_word' id='word_1_64' title='bbox 1059 737 1104 774; x_wconf 91' lang='lat' dir='ltr'><strong>et</strong></span> <span class='ocrx_word' id='word_1_65' title='bbox 1135 732 1235 774; x_wconf 91' lang='lat' dir='ltr'><strong>vias</strong></span> <span class='ocrx_word' id='word_1_66' title='bbox 1267 745 1322 774; x_wconf 84' lang='lat' dir='ltr'><strong>ex</strong></span> <span class='ocrx_word' id='word_1_67' title='bbox 1354 731 1638 774; x_wconf 90' lang='lat' dir='ltr'><strong>cadauerum</strong></span> <span class='ocrx_word' id='word_1_68' title='bbox 1670 731 2042 774; x_wconf 86' lang='lat' dir='ltr'><strong>multitudinibus</strong></span> 
     </span>
     <span class='ocr_line' id='line_1_13' title="bbox 358 798 2042 855; baseline -0.001 -14"><span class='ocrx_word' id='word_1_69' title='bbox 358 804 590 841; x_wconf 86' lang='lat' dir='ltr'><strong>contracta</strong></span> <span class='ocrx_word' id='word_1_70' title='bbox 598 799 742 841; x_wconf 92' lang='lat' dir='ltr'><strong>caries</strong></span> <span class='ocrx_word' id='word_1_71' title='bbox 752 798 1104 855; x_wconf 89' lang='lat' dir='ltr'><strong>putredinisque</strong></span> <span class='ocrx_word' id='word_1_72' title='bbox 1113 798 1376 855; x_wconf 89' lang='lat' dir='ltr'><strong>pestilencia</strong></span> <span class='ocrx_word' id='word_1_73' title='bbox 1386 799 1770 855; x_wconf 88' lang='lat' dir='ltr'><strong>perniciosissime</strong></span> <span class='ocrx_word' id='word_1_74' title='bbox 1777 812 2042 855; x_wconf 90' lang='lat' dir='ltr'><strong>corrumpe-</strong></span> 
     </span>
     <span class='ocr_line' id='line_1_14' title="bbox 358 864 2043 922; baseline -0.001 -14"><span class='ocrx_word' id='word_1_75' title='bbox 358 865 447 908; x_wconf 89' lang='lat' dir='ltr'><strong>bat.</strong></span> <span class='ocrx_word' id='word_1_76' title='bbox 461 866 731 922; x_wconf 89' lang='lat' dir='ltr'><strong>Auiumque</strong></span> <span class='ocrx_word' id='word_1_77' title='bbox 743 865 1064 908; x_wconf 85' lang='lat' dir='ltr'><strong>multitudines</strong></span> <span class='ocrx_word' id='word_1_78' title='bbox 1076 866 1222 907; x_wconf 88' lang='lat' dir='ltr'><strong>eciam</strong></span> <span class='ocrx_word' id='word_1_79' title='bbox 1235 866 1563 922; x_wconf 90' lang='lat' dir='ltr'><strong>rapaciumque</strong></span> <span class='ocrx_word' id='word_1_80' title='bbox 1574 865 1825 908; x_wconf 86' lang='lat' dir='ltr'><strong>bestiarum</strong></span> <span class='ocrx_word' id='word_1_81' title='bbox 1837 864 2043 908; x_wconf 90' lang='lat' dir='ltr'><strong>multitu-</strong></span> 
     </span>
     <span class='ocr_line' id='line_1_15' title="bbox 359 931 2043 989; baseline -0.001 -14"><span class='ocrx_word' id='word_1_82' title='bbox 359 932 423 975; x_wconf 93' lang='lat' dir='ltr'><strong>do</strong></span> <span class='ocrx_word' id='word_1_83' title='bbox 439 933 744 975; x_wconf 90' lang='lat' dir='ltr'><strong>moriencium</strong></span> <span class='ocrx_word' id='word_1_84' title='bbox 759 932 1136 989; x_wconf 90' lang='lat' dir='ltr'><strong>cadauerumque</strong></span> <span class='ocrx_word' id='word_1_85' title='bbox 1151 931 1432 974; x_wconf 89' lang='lat' dir='ltr'><strong>sufficiencia</strong></span> <span class='ocrx_word' id='word_1_86' title='bbox 1448 931 1864 988; x_wconf 83' lang='lat' dir='ltr'><strong>superhabundans</strong></span> <span class='ocrx_word' id='word_1_87' title='bbox 1879 931 2043 974; x_wconf 87' lang='lat' dir='ltr'><strong>sollici-</strong></span> 
     </span>
     <span class='ocr_line' id='line_1_16' title="bbox 359 999 495 1042; baseline 0 0"><span class='ocrx_word' id='word_1_88' title='bbox 359 999 495 1042; x_wconf 90' lang='lat' dir='ltr'><strong>tabat.</strong></span> 
     </span>
    </p>

    <p class='ocr_par' dir='ltr' id='par_1_6' title="bbox 357 1066 2044 1793">
     <span class='ocr_line' id='line_1_17' title="bbox 423 1066 2043 1123; baseline -0.001 -14"><span class='ocrx_word' id='word_1_89' title='bbox 423 1066 522 1121; x_wconf 89' lang='lat'>[21.]</span> <span class='ocrx_word' id='word_1_90' title='bbox 545 1068 598 1109; x_wconf 93' lang='lat' dir='ltr'><strong>Et</strong></span> <span class='ocrx_word' id='word_1_91' title='bbox 636 1066 697 1109; x_wconf 90' lang='lat' dir='ltr'><strong>ad</strong></span> <span class='ocrx_word' id='word_1_92' title='bbox 736 1080 985 1116; x_wconf 78' lang='lat' dir='ltr'><strong>summam,</strong></span> <span class='ocrx_word' id='word_1_93' title='bbox 1022 1080 1117 1123; x_wconf 94' lang='lat' dir='ltr'><strong>quo</strong></span> <span class='ocrx_word' id='word_1_94' title='bbox 1153 1071 1479 1109; x_wconf 88' lang='lat' dir='ltr'><strong>consumatum</strong></span> <span class='ocrx_word' id='word_1_95' title='bbox 1517 1080 1652 1108; x_wconf 91' lang='lat' dir='ltr'><strong>suam</strong></span> <span class='ocrx_word' id='word_1_96' title='bbox 1689 1070 2043 1123; x_wconf 89' lang='lat' dir='ltr'><strong>prosequeretur</strong></span> 
     </span>
     <span class='ocr_line' id='line_1_18' title="bbox 358 1125 2043 1183; baseline -0.001 -7"><span class='ocrx_word' id='word_1_97' title='bbox 358 1135 573 1176; x_wconf 89' lang='lat' dir='ltr'><strong>iniuriam</strong></span> <span class='ocrx_word' id='word_1_98' title='bbox 594 1125 789 1176; x_wconf 89' lang='lat' dir='ltr'><strong>delictis1</strong></span> <span class='ocrx_word' id='word_1_99' title='bbox 811 1133 872 1176; x_wconf 90' lang='lat' dir='ltr'><strong>ad</strong></span> <span class='ocrx_word' id='word_1_100' title='bbox 893 1133 1050 1183; x_wconf 75' lang='lat' dir='ltr'><strong>finem,</strong></span> <span class='ocrx_word' id='word_1_101' title='bbox 1070 1147 1178 1175; x_wconf 91' lang='lat' dir='ltr'><strong>cum</strong></span> <span class='ocrx_word' id='word_1_102' title='bbox 1198 1147 1333 1175; x_wconf 91' lang='lat' dir='ltr'><strong>suam</strong></span> <span class='ocrx_word' id='word_1_103' title='bbox 1352 1134 1513 1175; x_wconf 84' lang='lat' dir='ltr'><strong>Xerses</strong></span> <span class='ocrx_word' id='word_1_104' title='bbox 1534 1134 1774 1175; x_wconf 91' lang='lat' dir='ltr'><strong>Persarum</strong></span> <span class='ocrx_word' id='word_1_105' title='bbox 1794 1146 1886 1182; x_wconf 81' lang='lat' dir='ltr'><strong>rex,</strong></span> <span class='ocrx_word' id='word_1_106' title='bbox 1906 1138 2043 1175; x_wconf 90' lang='lat' dir='ltr'><strong>terra-</strong></span> 
     </span>
     <span class='ocr_line' id='line_1_19' title="bbox 358 1199 2044 1257; baseline -0.001 -14"><span class='ocrx_word' id='word_1_107' title='bbox 358 1215 556 1257; x_wconf 91' lang='lat' dir='ltr'><strong>rumque</strong></span> <span class='ocrx_word' id='word_1_108' title='bbox 580 1206 725 1243; x_wconf 91' lang='lat' dir='ltr'><strong>terror</strong></span> <span class='ocrx_word' id='word_1_109' title='bbox 749 1206 896 1250; x_wconf 82' lang='lat' dir='ltr'><strong>antea,</strong></span> <span class='ocrx_word' id='word_1_110' title='bbox 919 1200 1040 1242; x_wconf 93' lang='lat' dir='ltr'><strong>bello</strong></span> <span class='ocrx_word' id='word_1_111' title='bbox 1064 1205 1159 1242; x_wconf 89' lang='lat' dir='ltr'><strong>tam</strong></span> <span class='ocrx_word' id='word_1_112' title='bbox 1183 1199 1498 1242; x_wconf 88' lang='lat' dir='ltr'><strong>miserabiliter</strong></span> <span class='ocrx_word' id='word_1_113' title='bbox 1523 1205 1709 1256; x_wconf 91' lang='lat' dir='ltr'><strong>tamque</strong></span> <span class='ocrx_word' id='word_1_114' title='bbox 1732 1200 1974 1256; x_wconf 88' lang='lat' dir='ltr'><strong>perniciter</strong></span> <span class='ocrx_word' id='word_1_115' title='bbox 1995 1200 2044 1242; x_wconf 91' lang='lat' dir='ltr'><strong>in</strong></span> 
     </span>
     <span class='ocr_line' id='line_1_20' title="bbox 357 1266 2042 1324; baseline -0.001 -14"><span class='ocrx_word' id='word_1_116' title='bbox 357 1269 521 1310; x_wconf 90' lang='lat' dir='ltr'><strong>Grecia</strong></span> <span class='ocrx_word' id='word_1_117' title='bbox 545 1272 689 1324; x_wconf 78' lang='lat' dir='ltr'><strong>gesto,</strong></span> <span class='ocrx_word' id='word_1_118' title='bbox 713 1268 911 1324; x_wconf 91' lang='lat' dir='ltr'><strong>patriam</strong></span> <span class='ocrx_word' id='word_1_119' title='bbox 935 1267 1097 1309; x_wconf 88' lang='lat' dir='ltr'><strong>fuisset</strong></span> <span class='ocrx_word' id='word_1_120' title='bbox 1120 1281 1216 1309; x_wconf 92' lang='lat' dir='ltr'><strong>non</strong></span> <span class='ocrx_word' id='word_1_121' title='bbox 1238 1268 1392 1309; x_wconf 88' lang='lat' dir='ltr'><strong>minus</strong></span> <span class='ocrx_word' id='word_1_122' title='bbox 1417 1266 1653 1308; x_wconf 84' lang='lat' dir='ltr'><strong>infeliciter</strong></span> <span class='ocrx_word' id='word_1_123' title='bbox 1675 1267 1923 1323; x_wconf 76' lang='lat' dir='ltr'><strong>ingressus,</strong></span> <span class='ocrx_word' id='word_1_124' title='bbox 1945 1267 2042 1308; x_wconf 87' lang='lat' dir='ltr'><strong>suis</strong></span> 
     </span>
     <span class='ocr_line' id='line_1_21' title="bbox 358 1333 2044 1391; baseline -0.001 -14"><span class='ocrx_word' id='word_1_125' title='bbox 358 1336 504 1377; x_wconf 89' lang='lat' dir='ltr'><strong>eciam</strong></span> <span class='ocrx_word' id='word_1_126' title='bbox 532 1335 820 1391; x_wconf 90' lang='lat' dir='ltr'><strong>contemptui</strong></span> <span class='ocrx_word' id='word_1_127' title='bbox 847 1335 969 1391; x_wconf 91' lang='lat' dir='ltr'><strong>cepit</strong></span> <span class='ocrx_word' id='word_1_128' title='bbox 997 1348 1099 1376; x_wconf 89' lang='lat' dir='ltr'><strong>esse</strong></span> <span class='ocrx_word' id='word_1_129' title='bbox 1127 1334 1245 1376; x_wconf 91' lang='lat' dir='ltr'><strong>sicut</strong></span> <span class='ocrx_word' id='word_1_130' title='bbox 1273 1339 1318 1376; x_wconf 89' lang='lat' dir='ltr'><strong>et</strong></span> <span class='ocrx_word' id='word_1_131' title='bbox 1346 1335 1411 1376; x_wconf 88' lang='lat' dir='ltr'><strong>eis</strong></span> <span class='ocrx_word' id='word_1_132' title='bbox 1441 1333 1608 1390; x_wconf 90' lang='lat' dir='ltr'><strong>quibus</strong></span> <span class='ocrx_word' id='word_1_133' title='bbox 1637 1348 1687 1376; x_wconf 87' lang='lat' dir='ltr'><strong>se</strong></span> <span class='ocrx_word' id='word_1_134' title='bbox 1714 1334 2044 1376; x_wconf 88' lang='lat' dir='ltr'><strong>contumaciter</strong></span> 
     </span>
     <span class='ocr_line' id='line_1_22' title="bbox 358 1399 2031 1458; baseline -0.001 -14"><span class='ocrx_word' id='word_1_135' title='bbox 358 1407 662 1458; x_wconf 90' lang='lat' dir='ltr'><strong>preposuerat</strong></span> <span class='ocrx_word' id='word_1_136' title='bbox 681 1401 962 1444; x_wconf 89' lang='lat' dir='ltr'><strong>numinibus.</strong></span> <span class='ocrx_word' id='word_1_137' title='bbox 984 1401 1122 1443; x_wconf 89' lang='lat' dir='ltr'><strong>Unde</strong></span> <span class='ocrx_word' id='word_1_138' title='bbox 1143 1400 1374 1443; x_wconf 79' lang='lat' dir='ltr'><strong>deficienti</strong></span> <span class='ocrx_word' id='word_1_139' title='bbox 1394 1406 1489 1443; x_wconf 88' lang='lat' dir='ltr'><strong>tam</strong></span> <span class='ocrx_word' id='word_1_140' title='bbox 1509 1401 1698 1443; x_wconf 90' lang='lat' dir='ltr'><strong>remisse</strong></span> <span class='ocrx_word' id='word_1_141' title='bbox 1717 1399 1886 1443; x_wconf 91' lang='lat' dir='ltr'><strong>cotidie</strong></span> <span class='ocrx_word' id='word_1_142' title='bbox 1919 1399 2031 1456; x_wconf 65' lang='lat'>119¹!</span> 
     </span>
     <span class='ocr_line' id='line_1_23' title="bbox 358 1458 2042 1525; baseline -0.001 -14"><span class='ocrx_word' id='word_1_143' title='bbox 358 1470 477 1525; x_wconf 92' lang='lat' dir='ltr'><strong>regis</strong></span> <span class='ocrx_word' id='word_1_144' title='bbox 500 1470 751 1518; x_wconf 80' lang='lat' dir='ltr'><strong>maiestate,</strong></span> <span class='ocrx_word' id='word_1_145' title='bbox 773 1459 1023 1525; x_wconf 83' lang='lat' dir='ltr'><strong>prefectus²</strong></span> <span class='ocrx_word' id='word_1_146' title='bbox 1043 1469 1143 1510; x_wconf 92' lang='lat' dir='ltr'><strong>eius</strong></span> <span class='ocrx_word' id='word_1_147' title='bbox 1165 1469 1213 1510; x_wconf 90' lang='lat' dir='ltr'><strong>in</strong></span> <span class='ocrx_word' id='word_1_148' title='bbox 1233 1481 1366 1524; x_wconf 90' lang='lat' dir='ltr'><strong>spem</strong></span> <span class='ocrx_word' id='word_1_149' title='bbox 1387 1468 1515 1524; x_wconf 84' lang='lat' dir='ltr'><strong>regni</strong></span> <span class='ocrx_word' id='word_1_150' title='bbox 1536 1458 1848 1516; x_wconf 64' lang='lat' dir='ltr'><strong>redeductus?</strong></span> <span class='ocrx_word' id='word_1_151' title='bbox 1869 1467 2042 1523; x_wconf 89' lang='lat' dir='ltr'><strong>regiam</strong></span> 
     </span>
     <span class='ocr_line' id='line_1_24' title="bbox 358 1534 2041 1592; baseline -0.002 -14"><span class='ocrx_word' id='word_1_152' title='bbox 358 1535 457 1578; x_wconf 89' lang='lat' dir='ltr'><strong>face</strong></span> <span class='ocrx_word' id='word_1_153' title='bbox 485 1550 704 1592; x_wconf 91' lang='lat' dir='ltr'><strong>suprema</strong></span> <span class='ocrx_word' id='word_1_154' title='bbox 733 1549 842 1577; x_wconf 92' lang='lat' dir='ltr'><strong>cum</strong></span> <span class='ocrx_word' id='word_1_155' title='bbox 870 1536 935 1577; x_wconf 93' lang='lat' dir='ltr'><strong>vii</strong></span> <span class='ocrx_word' id='word_1_156' title='bbox 963 1534 1069 1577; x_wconf 89' lang='lat' dir='ltr'><strong>filiis</strong></span> <span class='ocrx_word' id='word_1_157' title='bbox 1098 1549 1216 1591; x_wconf 90' lang='lat' dir='ltr'><strong>quos</strong></span> <span class='ocrx_word' id='word_1_158' title='bbox 1245 1534 1441 1576; x_wconf 88' lang='lat' dir='ltr'><strong>habebat</strong></span> <span class='ocrx_word' id='word_1_159' title='bbox 1470 1534 1669 1576; x_wconf 91' lang='lat' dir='ltr'><strong>robustis</strong></span> <span class='ocrx_word' id='word_1_160' title='bbox 1697 1539 1767 1576; x_wconf 90' lang='lat' dir='ltr'><strong>est</strong></span> <span class='ocrx_word' id='word_1_161' title='bbox 1795 1534 2041 1590; x_wconf 89' lang='lat' dir='ltr'><strong>ingressus.</strong></span> 
     </span>
     <span class='ocr_line' id='line_1_25' title="bbox 358 1594 2042 1659; baseline -0.001 -15"><span class='ocrx_word' id='word_1_162' title='bbox 358 1604 542 1659; x_wconf 91' lang='lat' dir='ltr'><strong>Nempe</strong></span> <span class='ocrx_word' id='word_1_163' title='bbox 566 1594 752 1644; x_wconf 78' lang='lat' dir='ltr'><strong>diutini⁴</strong></span> <span class='ocrx_word' id='word_1_164' title='bbox 775 1603 874 1644; x_wconf 92' lang='lat' dir='ltr'><strong>iure</strong></span> <span class='ocrx_word' id='word_1_165' title='bbox 897 1601 1067 1644; x_wconf 87' lang='lat' dir='ltr'><strong>federis</strong></span> <span class='ocrx_word' id='word_1_166' title='bbox 1091 1602 1294 1643; x_wconf 89' lang='lat' dir='ltr'><strong>amicicie</strong></span> <span class='ocrx_word' id='word_1_167' title='bbox 1317 1602 1439 1658; x_wconf 87' lang='lat' dir='ltr'><strong>regie</strong></span> <span class='ocrx_word' id='word_1_168' title='bbox 1462 1601 1548 1643; x_wconf 91' lang='lat' dir='ltr'><strong>sibi</strong></span> <span class='ocrx_word' id='word_1_169' title='bbox 1571 1601 1755 1658; x_wconf 90' lang='lat' dir='ltr'><strong>patebat</strong></span> <span class='ocrx_word' id='word_1_170' title='bbox 1777 1600 1838 1643; x_wconf 88' lang='lat' dir='ltr'><strong>ad</strong></span> <span class='ocrx_word' id='word_1_171' title='bbox 1862 1600 2042 1642; x_wconf 87' lang='lat' dir='ltr'><strong>libitum</strong></span> 
     </span>
     <span class='ocr_line' id='line_1_26' title="bbox 358 1666 2043 1727; baseline -0.002 -15"><span class='ocrx_word' id='word_1_172' title='bbox 358 1683 542 1727; x_wconf 90' lang='lat' dir='ltr'><strong>semper</strong></span> <span class='ocrx_word' id='word_1_173' title='bbox 562 1670 788 1711; x_wconf 88' lang='lat' dir='ltr'><strong>introitus.</strong></span> <span class='ocrx_word' id='word_1_174' title='bbox 808 1670 971 1726; x_wconf 89' lang='lat' dir='ltr'><strong>Sicque</strong></span> <span class='ocrx_word' id='word_1_175' title='bbox 992 1669 1111 1711; x_wconf 90' lang='lat' dir='ltr'><strong>licite</strong></span> <span class='ocrx_word' id='word_1_176' title='bbox 1130 1682 1286 1725; x_wconf 90' lang='lat' dir='ltr'><strong>regem</strong></span> <span class='ocrx_word' id='word_1_177' title='bbox 1306 1668 1553 1710; x_wconf 86' lang='lat' dir='ltr'><strong>trucidauit</strong></span> <span class='ocrx_word' id='word_1_178' title='bbox 1573 1668 1692 1710; x_wconf 91' lang='lat' dir='ltr'><strong>adeo</strong></span> <span class='ocrx_word' id='word_1_179' title='bbox 1711 1667 1880 1710; x_wconf 85' lang='lat' dir='ltr'><strong>uilibus</strong></span> <span class='ocrx_word' id='word_1_180' title='bbox 1899 1666 2043 1709; x_wconf 90' lang='lat' dir='ltr'><strong>finem</strong></span> 
     </span>
     <span class='ocr_line' id='line_1_27' title="bbox 359 1735 1477 1793; baseline -0.002 -14"><span class='ocrx_word' id='word_1_181' title='bbox 359 1736 633 1793; x_wconf 90' lang='lat' dir='ltr'><strong>prefigendo</strong></span> <span class='ocrx_word' id='word_1_182' title='bbox 653 1736 995 1793; x_wconf 88' lang='lat' dir='ltr'><strong>superfluisque</strong></span> <span class='ocrx_word' id='word_1_183' title='bbox 1013 1735 1477 1778; x_wconf 87' lang='lat' dir='ltr'><strong>consternacionibus.</strong></span> 
     </span>
    </p>

    <p class='ocr_par' dir='ltr' id='par_1_7' title="bbox 358 1800 2044 2666">
     <span class='ocr_line' id='line_1_28' title="bbox 393 1800 2041 1859; baseline -0.002 -13"><span class='ocrx_word' id='word_1_184' title='bbox 393 1848 396 1855; x_wconf 76' lang='grc'><em>,</em></span> <span class='ocrx_word' id='word_1_185' title='bbox 423 1803 522 1858; x_wconf 89' lang='grc'><strong>[22.]</strong></span> <span class='ocrx_word' id='word_1_186' title='bbox 545 1804 657 1846; x_wconf 92' lang='lat' dir='ltr'><strong>Non</strong></span> <span class='ocrx_word' id='word_1_187' title='bbox 675 1808 832 1845; x_wconf 86' lang='lat' dir='ltr'><strong>autem</strong></span> <span class='ocrx_word' id='word_1_188' title='bbox 851 1802 1038 1852; x_wconf 79' lang='lat' dir='ltr'><strong>multos,</strong></span> <span class='ocrx_word' id='word_1_189' title='bbox 1057 1808 1109 1845; x_wconf 90' lang='lat' dir='ltr'><strong>ut</strong></span> <span class='ocrx_word' id='word_1_190' title='bbox 1129 1816 1344 1859; x_wconf 73' lang='lat' dir='ltr'><strong>auguror,</strong></span> <span class='ocrx_word' id='word_1_191' title='bbox 1363 1802 1529 1844; x_wconf 87' lang='lat' dir='ltr'><strong>studiis</strong></span> <span class='ocrx_word' id='word_1_192' title='bbox 1549 1801 1756 1844; x_wconf 89' lang='lat' dir='ltr'><strong>officiose</strong></span> <span class='ocrx_word' id='word_1_193' title='bbox 1775 1800 2041 1844; x_wconf 89' lang='lat' dir='ltr'><strong>litteralibus</strong></span> 
     </span>
     <span class='ocr_line' id='line_1_29' title="bbox 359 1858 2043 1926; baseline -0.002 -14"><span class='ocrx_word' id='word_1_194' title='bbox 359 1870 467 1912; x_wconf 89' lang='lat' dir='ltr'><strong>latet</strong></span> <span class='ocrx_word' id='word_1_195' title='bbox 484 1870 747 1912; x_wconf 90' lang='lat' dir='ltr'><strong>assiduatos</strong></span> <span class='ocrx_word' id='word_1_196' title='bbox 765 1884 857 1926; x_wconf 91' lang='lat' dir='ltr'><strong>qua</strong></span> <span class='ocrx_word' id='word_1_197' title='bbox 875 1871 1118 1912; x_wconf 87' lang='lat' dir='ltr'><strong>seueritate</strong></span> <span class='ocrx_word' id='word_1_198' title='bbox 1135 1883 1243 1911; x_wconf 90' lang='lat' dir='ltr'><strong>suas</strong></span> <span class='ocrx_word' id='word_1_199' title='bbox 1261 1870 1310 1911; x_wconf 90' lang='lat' dir='ltr'><strong>in</strong></span> <span class='ocrx_word' id='word_1_200' title='bbox 1325 1869 1670 1925; x_wconf 77' lang='lat' dir='ltr'><strong>Metapontinis,</strong></span> <span class='ocrx_word' id='word_1_201' title='bbox 1685 1858 1982 1924; x_wconf 88' lang='lat' dir='ltr'><strong>Sybaritanis⁵</strong></span> <span class='ocrx_word' id='word_1_202' title='bbox 1998 1873 2043 1909; x_wconf 90' lang='lat' dir='ltr'><strong>et</strong></span> 
     </span>
     <span class='ocr_line' id='line_1_30' title="bbox 359 1935 2042 1992; baseline -0.002 -13"><span class='ocrx_word' id='word_1_203' title='bbox 359 1937 754 1987; x_wconf 60' lang='lat' dir='ltr'><strong>Crotoniensibus&#39;</strong></span> <span class='ocrx_word' id='word_1_204' title='bbox 777 1942 953 1979; x_wconf 89' lang='lat' dir='ltr'><strong>ceteros</strong></span> <span class='ocrx_word' id='word_1_205' title='bbox 978 1936 1036 1978; x_wconf 88' lang='lat' dir='ltr'><strong>ab</strong></span> <span class='ocrx_word' id='word_1_206' title='bbox 1060 1936 1185 1979; x_wconf 90' lang='lat' dir='ltr'><strong>Italia</strong></span> <span class='ocrx_word' id='word_1_207' title='bbox 1208 1937 1381 1978; x_wconf 90' lang='lat' dir='ltr'><strong>Grecos</strong></span> <span class='ocrx_word' id='word_1_208' title='bbox 1406 1935 1630 1992; x_wconf 86' lang='lat' dir='ltr'><strong>expellere</strong></span> <span class='ocrx_word' id='word_1_209' title='bbox 1654 1935 1837 1992; x_wconf 88' lang='lat' dir='ltr'><strong>pridem</strong></span> <span class='ocrx_word' id='word_1_210' title='bbox 1859 1947 2042 1977; x_wconf 91' lang='lat' dir='ltr'><strong>concer-</strong></span> 
     </span>
     <span class='ocr_line' id='line_1_31' title="bbox 359 2002 2042 2059; baseline -0.002 -13"><span class='ocrx_word' id='word_1_211' title='bbox 359 2004 575 2054; x_wconf 73' lang='lat' dir='ltr'><strong>tantibus,</strong></span> <span class='ocrx_word' id='word_1_212' title='bbox 598 2004 745 2046; x_wconf 89' lang='lat' dir='ltr'><strong>illatas</strong></span> <span class='ocrx_word' id='word_1_213' title='bbox 768 2003 864 2046; x_wconf 92' lang='lat' dir='ltr'><strong>ulta</strong></span> <span class='ocrx_word' id='word_1_214' title='bbox 888 2003 975 2046; x_wconf 90' lang='lat' dir='ltr'><strong>sibi</strong></span> <span class='ocrx_word' id='word_1_215' title='bbox 997 2003 1135 2046; x_wconf 91' lang='lat' dir='ltr'><strong>fuerit</strong></span> <span class='ocrx_word' id='word_1_216' title='bbox 1157 2004 1370 2046; x_wconf 91' lang='lat' dir='ltr'><strong>Minerua</strong></span> <span class='ocrx_word' id='word_1_217' title='bbox 1394 2003 1594 2045; x_wconf 90' lang='lat' dir='ltr'><strong>iniurias.</strong></span> <span class='ocrx_word' id='word_1_218' title='bbox 1618 2002 1801 2059; x_wconf 91' lang='lat' dir='ltr'><strong>Nempe</strong></span> <span class='ocrx_word' id='word_1_219' title='bbox 1823 2015 1932 2044; x_wconf 92' lang='lat' dir='ltr'><strong>cum</strong></span> <span class='ocrx_word' id='word_1_220' title='bbox 1954 2015 2042 2043; x_wconf 88' lang='lat' dir='ltr'><strong>suo</strong></span> 
     </span>
     <span class='ocr_line' id='line_1_32' title="bbox 358 2062 2043 2128; baseline -0.002 -14"><span class='ocrx_word' id='word_1_221' title='bbox 358 2071 678 2114; x_wconf 88' lang='lat' dir='ltr'><strong>conferuentes</strong></span> <span class='ocrx_word' id='word_1_222' title='bbox 698 2072 747 2114; x_wconf 91' lang='lat' dir='ltr'><strong>in</strong></span> <span class='ocrx_word' id='word_1_223' title='bbox 765 2072 1007 2128; x_wconf 90' lang='lat' dir='ltr'><strong>proposito</strong></span> <span class='ocrx_word' id='word_1_224' title='bbox 1026 2072 1260 2113; x_wconf 90' lang='lat' dir='ltr'><strong>ciuitatem</strong></span> <span class='ocrx_word' id='word_1_225' title='bbox 1279 2062 1447 2127; x_wconf 90' lang='lat' dir='ltr'><strong>Syrim⁶</strong></span> <span class='ocrx_word' id='word_1_226' title='bbox 1465 2074 1806 2127; x_wconf 87' lang='lat' dir='ltr'><strong>expugnassent</strong></span> <span class='ocrx_word' id='word_1_227' title='bbox 1825 2069 2043 2126; x_wconf 68' lang='lat' dir='ltr'><strong>primum,</strong></span> 
     </span>
     <span class='ocr_line' id='line_1_33' title="bbox 358 2135 2042 2196; baseline -0.002 -14"><span class='ocrx_word' id='word_1_228' title='bbox 358 2140 555 2182; x_wconf 89' lang='lat' dir='ltr'><strong>ciuitatis</strong></span> <span class='ocrx_word' id='word_1_229' title='bbox 581 2140 681 2182; x_wconf 90' lang='lat' dir='ltr'><strong>eius</strong></span> <span class='ocrx_word' id='word_1_230' title='bbox 707 2139 756 2182; x_wconf 91' lang='lat' dir='ltr'><strong>in</strong></span> <span class='ocrx_word' id='word_1_231' title='bbox 779 2139 1127 2196; x_wconf 85' lang='lat' dir='ltr'><strong>expugnacione</strong></span> <span class='ocrx_word' id='word_1_232' title='bbox 1152 2138 1483 2195; x_wconf 90' lang='lat' dir='ltr'><strong>quinquaginta</strong></span> <span class='ocrx_word' id='word_1_233' title='bbox 1508 2138 1699 2180; x_wconf 89' lang='lat' dir='ltr'><strong>iuuenes</strong></span> <span class='ocrx_word' id='word_1_234' title='bbox 1725 2137 1805 2194; x_wconf 92' lang='lat' dir='ltr'><strong>qui</strong></span> <span class='ocrx_word' id='word_1_235' title='bbox 1829 2136 1956 2179; x_wconf 90' lang='lat' dir='ltr'><strong>velut</strong></span> <span class='ocrx_word' id='word_1_236' title='bbox 1981 2135 2042 2178; x_wconf 91' lang='lat' dir='ltr'><strong>ad</strong></span> 
     </span>
     <span class='ocr_line' id='line_1_34' title="bbox 359 2204 2042 2264; baseline -0.002 -14"><span class='ocrx_word' id='word_1_237' title='bbox 359 2207 526 2250; x_wconf 88' lang='lat' dir='ltr'><strong>asilum</strong></span> <span class='ocrx_word' id='word_1_238' title='bbox 542 2209 756 2250; x_wconf 90' lang='lat' dir='ltr'><strong>Minerue</strong></span> <span class='ocrx_word' id='word_1_239' title='bbox 772 2207 1088 2264; x_wconf 51' lang='lat' dir='ltr'><strong>confugerant!</strong></span> <span class='ocrx_word' id='word_1_240' title='bbox 1105 2212 1157 2249; x_wconf 91' lang='lat' dir='ltr'><strong>ut</strong></span> <span class='ocrx_word' id='word_1_241' title='bbox 1173 2206 1240 2256; x_wconf 68' lang='lat' dir='ltr'><strong>fit,</strong></span> <span class='ocrx_word' id='word_1_242' title='bbox 1256 2206 1317 2248; x_wconf 92' lang='lat' dir='ltr'><strong>ad</strong></span> <span class='ocrx_word' id='word_1_243' title='bbox 1336 2206 1575 2263; x_wconf 72' lang='lat' dir='ltr'><strong>templum,</strong></span> <span class='ocrx_word' id='word_1_244' title='bbox 1593 2205 1680 2248; x_wconf 94' lang='lat' dir='ltr'><strong>dee</strong></span> <span class='ocrx_word' id='word_1_245' title='bbox 1697 2204 2042 2262; x_wconf 89' lang='lat' dir='ltr'><strong>symulachrum</strong></span> 
     </span>
     <span class='ocr_line' id='line_1_35' title="bbox 359 2271 2042 2331; baseline -0.002 -13"><span class='ocrx_word' id='word_1_246' title='bbox 359 2280 620 2318; x_wconf 90' lang='lat' dir='ltr'><strong>reuerenter</strong></span> <span class='ocrx_word' id='word_1_247' title='bbox 651 2276 798 2317; x_wconf 92' lang='lat' dir='ltr'><strong>eciam</strong></span> <span class='ocrx_word' id='word_1_248' title='bbox 829 2274 1140 2331; x_wconf 70' lang='lat' dir='ltr'><strong>coamplexos,</strong></span> <span class='ocrx_word' id='word_1_249' title='bbox 1171 2275 1409 2331; x_wconf 88' lang='lat' dir='ltr'><strong>ipsiusque</strong></span> <span class='ocrx_word' id='word_1_250' title='bbox 1441 2273 1729 2316; x_wconf 89' lang='lat' dir='ltr'><strong>sacerdotem</strong></span> <span class='ocrx_word' id='word_1_251' title='bbox 1760 2271 1966 2315; x_wconf 88' lang='lat' dir='ltr'><strong>vestibus</strong></span> <span class='ocrx_word' id='word_1_252' title='bbox 1997 2276 2042 2314; x_wconf 90' lang='lat' dir='ltr'><strong>et</strong></span> 
     </span>
     <span class='ocr_line' id='line_1_36' title="bbox 359 2339 2044 2398; baseline -0.002 -14"><span class='ocrx_word' id='word_1_253' title='bbox 359 2343 640 2384; x_wconf 90' lang='lat' dir='ltr'><strong>ornamentis</strong></span> <span class='ocrx_word' id='word_1_254' title='bbox 665 2342 872 2384; x_wconf 88' lang='lat' dir='ltr'><strong>velatum</strong></span> <span class='ocrx_word' id='word_1_255' title='bbox 895 2342 1208 2398; x_wconf 90' lang='lat' dir='ltr'><strong>vestitumque</strong></span> <span class='ocrx_word' id='word_1_256' title='bbox 1234 2340 1405 2383; x_wconf 89' lang='lat' dir='ltr'><strong>diuinis</strong></span> <span class='ocrx_word' id='word_1_257' title='bbox 1430 2341 1531 2397; x_wconf 90' lang='lat' dir='ltr'><strong>ipsa</strong></span> <span class='ocrx_word' id='word_1_258' title='bbox 1556 2339 1902 2382; x_wconf 90' lang='lat' dir='ltr'><strong>trucidauerunt</strong></span> <span class='ocrx_word' id='word_1_259' title='bbox 1927 2339 2044 2381; x_wconf 89' lang='lat' dir='ltr'><strong>inter</strong></span> 
     </span>
     <span class='ocr_line' id='line_1_37' title="bbox 359 2406 2042 2464; baseline -0.002 -12"><span class='ocrx_word' id='word_1_260' title='bbox 359 2409 528 2452; x_wconf 91' lang='lat' dir='ltr'><strong>altaria.</strong></span> <span class='ocrx_word' id='word_1_261' title='bbox 551 2409 641 2452; x_wconf 92' lang='lat' dir='ltr'><strong>Sed</strong></span> <span class='ocrx_word' id='word_1_262' title='bbox 664 2423 745 2452; x_wconf 92' lang='lat' dir='ltr'><strong>eos</strong></span> <span class='ocrx_word' id='word_1_263' title='bbox 769 2409 871 2459; x_wconf 75' lang='lat' dir='ltr'><strong>dea,</strong></span> <span class='ocrx_word' id='word_1_264' title='bbox 894 2408 1056 2451; x_wconf 90' lang='lat' dir='ltr'><strong>delusa</strong></span> <span class='ocrx_word' id='word_1_265' title='bbox 1079 2409 1196 2451; x_wconf 88' lang='lat' dir='ltr'><strong>sicut</strong></span> <span class='ocrx_word' id='word_1_266' title='bbox 1218 2408 1379 2450; x_wconf 89' lang='lat' dir='ltr'><strong>asserit</strong></span> <span class='ocrx_word' id='word_1_267' title='bbox 1400 2408 1645 2464; x_wconf 88' lang='lat' dir='ltr'><strong>antiquitas</strong></span> <span class='ocrx_word' id='word_1_268' title='bbox 1667 2412 1712 2449; x_wconf 91' lang='lat' dir='ltr'><strong>et</strong></span> <span class='ocrx_word' id='word_1_269' title='bbox 1735 2406 1795 2449; x_wconf 91' lang='lat' dir='ltr'><strong>ad</strong></span> <span class='ocrx_word' id='word_1_270' title='bbox 1817 2406 2042 2448; x_wconf 89' lang='lat' dir='ltr'><strong>vanitates</strong></span> 
     </span>
     <span class='ocr_line' id='line_1_38' title="bbox 359 2472 2043 2532; baseline -0.002 -13"><span class='ocrx_word' id='word_1_271' title='bbox 359 2482 467 2519; x_wconf 92' lang='lat' dir='ltr'><strong>tunc</strong></span> <span class='ocrx_word' id='word_1_272' title='bbox 497 2476 775 2526; x_wconf 76' lang='lat' dir='ltr'><strong>inclinatiua,</strong></span> <span class='ocrx_word' id='word_1_273' title='bbox 804 2476 893 2518; x_wconf 93' lang='lat' dir='ltr'><strong>tale</strong></span> <span class='ocrx_word' id='word_1_274' title='bbox 923 2481 1113 2532; x_wconf 89' lang='lat' dir='ltr'><strong>propter</strong></span> <span class='ocrx_word' id='word_1_275' title='bbox 1141 2475 1430 2531; x_wconf 90' lang='lat' dir='ltr'><strong>sacrilegium</strong></span> <span class='ocrx_word' id='word_1_276' title='bbox 1459 2473 1700 2531; x_wconf 89' lang='lat' dir='ltr'><strong>scelusque</strong></span> <span class='ocrx_word' id='word_1_277' title='bbox 1728 2473 1835 2516; x_wconf 87' lang='lat' dir='ltr'><strong>facti</strong></span> <span class='ocrx_word' id='word_1_278' title='bbox 1863 2472 2043 2529; x_wconf 88' lang='lat' dir='ltr'><strong>locique</strong></span> 
     </span>
     <span class='ocr_line' id='line_1_39' title="bbox 358 2539 2042 2600; baseline -0.003 -14"><span class='ocrx_word' id='word_1_279' title='bbox 358 2543 754 2600; x_wconf 91' lang='lat' dir='ltr'><strong>contemplacione</strong></span> <span class='ocrx_word' id='word_1_280' title='bbox 765 2544 875 2585; x_wconf 91' lang='lat' dir='ltr'><strong>satis</strong></span> <span class='ocrx_word' id='word_1_281' title='bbox 887 2543 1135 2585; x_wconf 90' lang='lat' dir='ltr'><strong>enormiter</strong></span> <span class='ocrx_word' id='word_1_282' title='bbox 1147 2556 1481 2599; x_wconf 88' lang='lat' dir='ltr'><strong>perperamque</strong></span> <span class='ocrx_word' id='word_1_283' title='bbox 1494 2546 1821 2598; x_wconf 77' lang='lat' dir='ltr'><strong>perpetratum,</strong></span> <span class='ocrx_word' id='word_1_284' title='bbox 1833 2539 2042 2582; x_wconf 90' lang='lat' dir='ltr'><strong>letalibus</strong></span> 
     </span>
     <span class='ocr_line' id='line_1_40' title="bbox 359 2606 2042 2666; baseline -0.002 -14"><span class='ocrx_word' id='word_1_285' title='bbox 359 2610 561 2652; x_wconf 91' lang='lat' dir='ltr'><strong>turbauit</strong></span> <span class='ocrx_word' id='word_1_286' title='bbox 577 2611 696 2652; x_wconf 91' lang='lat' dir='ltr'><strong>adeo</strong></span> <span class='ocrx_word' id='word_1_287' title='bbox 711 2615 1007 2652; x_wconf 91' lang='lat' dir='ltr'><strong>contumaces</strong></span> <span class='ocrx_word' id='word_1_288' title='bbox 1023 2609 1313 2666; x_wconf 74' lang='lat' dir='ltr'><strong>pestilenciiS,</strong></span> <span class='ocrx_word' id='word_1_289' title='bbox 1329 2608 1718 2664; x_wconf 90' lang='lat' dir='ltr'><strong>tumultuosisque</strong></span> <span class='ocrx_word' id='word_1_290' title='bbox 1732 2606 2042 2649; x_wconf 87' lang='lat' dir='ltr'><strong>sedicionibus</strong></span> 
     </span>
    </p>
   </div>
   <div class='ocr_carea' id='block_1_6' title="bbox 431 2795 1110 3131">
    <p class='ocr_par' dir='ltr' id='par_1_8' title="bbox 432 2795 629 2837">
     <span class='ocr_line' id='line_1_41' title="bbox 432 2795 629 2837; baseline 0 0"><span class='ocrx_word' id='word_1_291' title='bbox 432 2795 443 2818; x_wconf 91' lang='lat'>¹</span> <span class='ocrx_word' id='word_1_292' title='bbox 461 2802 590 2837; x_wconf 89' lang='lat' dir='ltr'><strong>delicis</strong></span> <span class='ocrx_word' id='word_1_293' title='bbox 606 2803 629 2837; x_wconf 89' lang='lat' dir='ltr'><strong><em>S</em></strong></span> 
     </span>
    </p>

    <p class='ocr_par' dir='ltr' id='par_1_9' title="bbox 431 2852 1021 2906">
     <span class='ocr_line' id='line_1_42' title="bbox 431 2852 1021 2906; baseline -0.002 -12"><span class='ocrx_word' id='word_1_294' title='bbox 431 2852 445 2875; x_wconf 90' lang='lat'>²</span> <span class='ocrx_word' id='word_1_295' title='bbox 461 2859 643 2906; x_wconf 76' lang='lat' dir='ltr'><strong>prefectus</strong></span> <span class='ocrx_word' id='word_1_296' title='bbox 658 2859 781 2903; x_wconf 49' lang='lat' dir='ltr'><strong>lustin!</strong></span> <span class='ocrx_word' id='word_1_297' title='bbox 796 2858 982 2906; x_wconf 85' lang='lat' dir='ltr'><strong>profectus</strong></span> <span class='ocrx_word' id='word_1_298' title='bbox 998 2859 1021 2893; x_wconf 91' lang='lat' dir='ltr'><strong><em>S</em></strong></span> 
     </span>
    </p>

    <p class='ocr_par' dir='ltr' id='par_1_10' title="bbox 431 2909 991 2955">
     <span class='ocr_line' id='line_1_43' title="bbox 431 2909 991 2955; baseline -0.002 -5"><span class='ocrx_word' id='word_1_299' title='bbox 431 2909 445 2932; x_wconf 83' lang='lat'>³</span> <span class='ocrx_word' id='word_1_300' title='bbox 461 2915 686 2950; x_wconf 86' lang='lat' dir='ltr'><strong>redeductus</strong></span> <span class='ocrx_word' id='word_1_301' title='bbox 702 2916 737 2955; x_wconf 81' lang='lat' dir='ltr'><strong>S,</strong></span> <span class='ocrx_word' id='word_1_302' title='bbox 753 2914 938 2949; x_wconf 83' lang='lat' dir='ltr'><strong>deductus</strong></span> <span class='ocrx_word' id='word_1_303' title='bbox 954 2915 991 2949; x_wconf 77' lang='lat' dir='ltr'><strong>Sc</strong></span> 
     </span>
    </p>

    <p class='ocr_par' dir='ltr' id='par_1_11' title="bbox 431 2967 637 3006">
     <span class='ocr_line' id='line_1_44' title="bbox 431 2967 637 3006; baseline 0 0"><span class='ocrx_word' id='word_1_304' title='bbox 431 2967 445 2989; x_wconf 79' lang='lat'><strong>⁴</strong></span> <span class='ocrx_word' id='word_1_305' title='bbox 461 2971 597 3006; x_wconf 81' lang='lat' dir='ltr'><strong>diutim</strong></span> <span class='ocrx_word' id='word_1_306' title='bbox 614 2972 637 3006; x_wconf 90' lang='lat' dir='ltr'><strong><em>S</em></strong></span> 
     </span>
    </p>

    <p class='ocr_par' dir='ltr' id='par_1_12' title="bbox 431 3021 1110 3131">
     <span class='ocr_line' id='line_1_45' title="bbox 431 3021 1110 3075; baseline -0.003 -12"><span class='ocrx_word' id='word_1_307' title='bbox 431 3021 445 3044; x_wconf 93' lang='lat'>⁵</span> <span class='ocrx_word' id='word_1_308' title='bbox 460 3028 687 3075; x_wconf 85' lang='lat' dir='ltr'><strong>Sybaritanis</strong></span> <span class='ocrx_word' id='word_1_309' title='bbox 701 3027 824 3072; x_wconf 49' lang='lat' dir='ltr'><strong>lustin!</strong></span> <span class='ocrx_word' id='word_1_310' title='bbox 840 3027 1070 3062; x_wconf 85' lang='lat' dir='ltr'><strong>Eubaritanis</strong></span> <span class='ocrx_word' id='word_1_311' title='bbox 1087 3027 1110 3061; x_wconf 90' lang='lat' dir='ltr'><strong>S</strong></span> 
     </span>
     <span class='ocr_line' id='line_1_46' title="bbox 431 3078 1083 3131; baseline -0.002 -12"><span class='ocrx_word' id='word_1_312' title='bbox 431 3078 445 3100; x_wconf 87' lang='lat'><strong><em>⁶</em></strong></span> <span class='ocrx_word' id='word_1_313' title='bbox 460 3084 594 3131; x_wconf 88' lang='lat' dir='ltr'><strong>Syrim]</strong></span> <span class='ocrx_word' id='word_1_314' title='bbox 611 3084 720 3119; x_wconf 81' lang='lat' dir='ltr'><strong>Sirim</strong></span> <span class='ocrx_word' id='word_1_315' title='bbox 735 3084 857 3128; x_wconf 77' lang='lat' dir='ltr'><strong>lustin,</strong></span> <span class='ocrx_word' id='word_1_316' title='bbox 871 3083 1041 3131; x_wconf 86' lang='lat' dir='ltr'><strong>Syrimed</strong></span> <span class='ocrx_word' id='word_1_317' title='bbox 1059 3084 1083 3118; x_wconf 90' lang='lat' dir='ltr'><strong><em>S</em></strong></span> 
     </span>
    </p>
   </div>
  </div>
 </body>
</html>
