2132 3346
259 1047 294 1072 95

241 1382 292 1406 lm

240 1716 291 1741 105

240 2051 291 2076 110

238 2388 290 2413 115

238 2791 289 2815 120

358 161 448 203 222
584 170 772 204 SERIUM
793 171 1098 205 SENECTUTIS

357 295 634 352 impetitum,
661 295 801 338 iudex
829 289 1158 353 preproperus¹
1187 302 1232 339 et
1259 298 1542 340 examinator
1569 299 1925 341 inmanissimus.
1954 300 2039 342 Ve-

357 367 654 419 rumptamen
683 363 731 405 in
758 377 854 405 vno
883 363 959 406 uel
989 364 1276 420 aliquatenus
1306 365 1495 407 tandem
1526 365 1804 422 gratificatus
1834 371 1903 408 est
1931 380 2039 409 con-

358 429 626 486 dempnato,
640 429 770 487 quod
786 430 847 473 ad
863 431 1215 488 componendos
1231 437 1420 489 penates
1436 431 1555 474 adeo
1571 438 1743 475 mestos
1759 433 1801 476 ei
1815 434 2039 476 concessit

357 510 472 553 quas
505 502 681 539 mestus
714 498 851 553 peciit
882 497 1107 547 inducias,
1138 498 1288 540 sodali
1319 513 1407 540 suo
1438 499 1648 541 Damone
1680 500 1719 542 si
1749 499 1887 542 vellet
1917 500 2039 543 vade

357 563 526 612 relicto:
555 563 684 620 quod
715 565 824 621 quia
853 577 967 606 suus
997 565 1182 606 Damon
1209 565 1383 607 sodalis
1413 566 1554 607 animi
1583 566 1721 608 simul
1749 571 1795 608 et
1822 566 1962 609 wltus
1991 568 2040 609 in

356 631 618 672 constancia
647 629 793 672 libens
821 630 1022 680 admisit,
1050 632 1151 673 neci
1178 631 1437 673 subductus
1465 632 1541 674 uel
1569 631 1629 674 ad
1658 638 1843 689 tempus
1871 633 2038 676 Pithias

356 695 496 738 libere
518 697 716 746 recessit,
740 696 857 738 dum
880 697 1061 739 derisus
1085 697 1399 739 indifferenter
1422 698 1480 739 ab
1501 699 1727 740 vniuersis
1750 700 1819 741 uti
1841 713 2039 756 sponsor

355 762 725 804 cachinnabiliter
743 762 995 805 infatuatus
1013 768 1058 805 et
1076 755 1385 820 mancipatus²
1402 764 1478 806 uel
1496 764 1842 821 superficialiter
1858 766 2038 822 positus

355 829 541 871 Damon
558 830 790 871 remansit.

420 895 491 950 [5.]
514 897 690 938 Omnes
704 897 858 953 itaque
871 896 954 939 sed
969 911 1047 939 rex
1059 898 1159 954 ipse
1171 898 1406 939 Dionisius
1420 899 1637 955 precipue
1650 899 1715 940 rei
1726 898 2038 956 contemplan-

356 968 430 1005 tur
443 968 488 1005 et
502 969 697 1006 euentus
711 965 788 1006 vix
803 965 1013 1021 ancipitis
1027 965 1215 1014 exitum,
1228 965 1543 1022 Damonisque
1557 967 1857 1022 sponsionem
1869 966 2038 1008 conde-

355 1030 506 1072 rident
527 1030 966 1088 condempnantque
987 1036 1083 1073 tam
1104 1033 1405 1074 temerariam.
1427 1033 1721 1090 Demumque
1742 1032 1818 1075 die
1839 1032 2038 1075 diffinita

355 1098 531 1140 reditus
583 1098 696 1155 {61¹1
747 1099 1162 1155 appropinquante,
1201 1099 1317 1141 dum
1356 1099 1593 1142 deridetur
1630 1099 1944 1142 indifferenter
1979 1100 2038 1142 ab

355 1164 586 1214 omnibus,
597 1178 647 1206 se
657 1164 774 1207 wltu
783 1165 1029 1221 verbisque
1039 1171 1300 1208 constanter
1310 1166 1489 1208 exibere
1500 1172 1763 1222 perseuerat
1773 1166 2037 1209 indifferen-

355 1236 423 1273 ter
437 1231 698 1281 indubium,
712 1232 877 1288 suique
892 1231 1065 1274 sodalis
1081 1231 1141 1274 de
1155 1233 1416 1274 constancia
1431 1232 1664 1275 fidelitatis
1679 1234 2036 1275 securissimum.

354 1298 452 1340 Nec
473 1312 558 1340 sua
578 1312 628 1340 se
649 1312 865 1340 securum
885 1299 1095 1355 specialis
1116 1300 1164 1341 in
1183 1300 1387 1341 amicicia
1407 1299 1564 1342 fefellit
1584 1300 1632 1342 in
1651 1299 1744 1342 fine
1763 1301 2036 1343 constancia.

354 1366 538 1422 Nempe
561 1365 744 1415 Pithias,
767 1365 934 1408 eadem
959 1366 1035 1408 die
1058 1380 1200 1422 quam
1224 1366 1310 1408 sibi
1333 1367 1567 1409 Dionisius
1590 1367 1834 1423 prefixerat
1856 1372 1901 1409 et
1924 1367 2038 1410 hora

353 1431 581 1474 fidissime
599 1433 804 1482 veniens,
823 1447 873 1474 se
891 1434 1260 1475 constantissime
1279 1433 1641 1490 promptificauit
1659 1434 1720 1476 ad
1739 1433 1905 1476 fatalia.
1924 1434 2036 1476 Tam

353 1500 671 1540 constancium
712 1500 919 1541 tirannus
959 1513 1068 1541 mox
1109 1500 1364 1541 admiratus
1404 1501 1583 1542 animos
1623 1501 1873 1557 Dyonisius
1914 1506 2037 1542 tante

354 1564 636 1622 supplicium
652 1565 765 1607 fidei
782 1566 970 1615 remisit,
987 1565 1123 1608 solito
1140 1566 1268 1623 quod
1287 1572 1407 1608 retro
1424 1581 1519 1608 non
1534 1567 1776 1609 consueuit
1791 1566 2038 1609 humanior

353 1631 515 1682 factus,
550 1633 872 1689 societatisque
907 1638 1002 1674 tam
1037 1633 1247 1690 specialis
1282 1639 1327 1675 et
1362 1639 1456 1675 tam
1491 1633 1639 1675 solide
1673 1633 1951 1691 supplicauit
1985 1639 2037 1675 ut

354 1698 673 1742 admitteretur
697 1700 877 1750 tercius,
901 1699 1004 1742 licet
1029 1699 1089 1742 ad
1114 1701 1256 1742 animi
1280 1706 1454 1742 tantam
1478 1700 1803 1758 fidelitatisque
1825 1706 2036 1743 constan-

353 1767 472 1809 ciam
491 1766 698 1809 moribus
719 1768 910 1809 omnino
929 1767 1091 1810 fuisset
1111 1767 1289 1810 inabilis
1307 1767 1590 1824 viuendique
1609 1767 2033 1810 consuetudinibus.

392 1853 395 1861 ·
417 1833 488 1888 [6.]
511 1834 695 1891 Nempe
731 1848 874 1891 penes
911 1834 1149 1891 improbos
1185 1835 1331 1876 eciam
1367 1834 1568 1876 crebrius
1604 1836 1760 1892 vigere
1794 1835 2036 1877 consueuit

352 1901 578 1942 virtutum
595 1901 883 1958 racionisque
901 1902 1176 1951 reuerencia,
1193 1901 1276 1943 sed
1294 1907 1339 1943 et
1356 1902 1616 1959 inopinatos
1634 1903 1779 1944 eciam
1796 1902 2037 1959 sepissime

353 1968 504 2010 sortiri
523 1969 803 2010 mansuescit
822 1967 1027 2010 effectus.
1048 1969 1268 2011 Amicicie
1287 1968 1493 2025 profecto
1512 1970 1583 2011 vis
1603 1968 1884 2011 admirabilis
1903 1974 1973 2011 est
1991 1974 2036 2011 et

352 2035 486 2091 vigor
521 2034 771 2077 effecturus
807 2050 899 2092 que
935 2036 1059 2077 necis
1096 2035 1360 2077 naturaliter
1396 2035 1685 2092 aspernande
1721 2035 1955 2092 genialiter
1990 2041 2035 2077 et

353 2101 696 2143 abhominande
711 2103 979 2144 viuencium
996 2102 1227 2144 mentibus
1244 2102 1403 2144 crebro
1421 2103 1568 2159 pergit
1585 2103 1782 2144 inserere
1799 2108 2035 2159 contemp-

353 2173 441 2218 tus,
470 2168 797 2226 vitalitatisque
827 2169 1123 2211 condiciones
1153 2169 1436 2226 viuendique
1465 2170 1837 2212 continuaciones
1867 2174 1912 2211 et
1941 2169 2035 2211 vite

351 2236 475 2279 vices
505 2237 740 2279 concinnis
770 2242 1035 2294 perseuerat
1064 2236 1253 2279 condire
1281 2237 1561 2279 conviuendi
1591 2236 1926 2279 dulcedinibus.
1956 2236 2033 2279 Ad

352 2305 561 2354 istorum,
579 2305 645 2347 mi
663 2318 868 2355 consors,
886 2305 1024 2361 igitur
1043 2305 1185 2347 instar
1202 2304 1392 2347 ulterius
1412 2310 1456 2347 et
1475 2305 1535 2347 ad
1554 2305 1832 2362 exemplum,
1850 2309 2035 2347 conten-

351 2371 560 2414 cionibus
577 2377 622 2414 et
638 2372 745 2414 rixis
763 2373 992 2414 remocius
1009 2372 1282 2422 amandatis,
1297 2372 1394 2414 fide
1410 2373 1709 2429 persistamus
1726 2373 1774 2414 in
1787 2371 2034 2414 concordia

352 2440 594 2489 societatis,
637 2440 874 2496 vitamque
916 2440 1133 2481 continua
1176 2445 1430 2496 mutuaque
1472 2439 1745 2482 condiamus
1789 2438 2034 2481 dulcedine

351 2506 728 2548 excellentissime
747 2507 973 2549 virtutum
993 2507 1133 2549 trium
1152 2508 1362 2549 caritatis.

351 2641 506 2691 Quam
524 2640 642 2683 bene
661 2640 918 2683 iocundum
937 2640 1074 2683 fuerit
1093 2646 1214 2683 retro
1234 2655 1375 2698 quam
1395 2641 1453 2683 sit
1472 2655 1691 2683 amenum

350 2708 487 2749 Nunc
508 2708 668 2757 eciam,
687 2708 809 2750 scius
829 2708 1027 2764 expertis
1048 2709 1140 2750 iam
1160 2709 1314 2750 sencio
1334 2707 1495 2757 factus,

350 2775 522 2831 Sponte
541 2789 626 2816 sua
646 2774 733 2816 sibi
751 2774 1005 2816 concordes
1025 2774 1229 2816 habitare
1248 2774 1445 2824 sodales,

350 2842 552 2898 Longius
572 2846 617 2883 et
637 2842 756 2883 rixas
776 2842 1041 2898 viciumque
1061 2841 1278 2898 repellere
1298 2841 1408 2890 licis,

423 3051 434 3073 ¹
453 3057 699 3103 preproperiis
715 3058 738 3092 S

422 3106 436 3129 ²
452 3113 653 3160 mancipati
670 3114 693 3147 S
