2132 3346
248 504 300 529 135

248 838 300 863 140

248 1172 300 1197 145

248 1506 300 1531 150

249 1842 300 1867 155

249 2178 300 2203 160

249 2514 301 2539 165

361 154 451 196 126
587 161 775 195 SERIUM
797 161 1102 195 SENECTUTIS

361 288 494 344 quasi
507 288 695 329 nomine
708 288 870 344 sponsi
884 286 1129 343 dirigendo
1142 300 1416 329 sermonem:
1429 288 1636 343 Sponsus
1650 301 1738 344 ego
1751 287 1984 344 sponsabo
1998 293 2043 330 te

361 354 501 396 michi
520 368 674 396 meam
694 359 803 396 tuus
823 354 872 395 in
888 354 1080 395 veritate
1099 354 1380 410 iusticiaque.

425 420 497 474 [9.]
520 421 819 476 Pretereaque
846 421 1158 462 sensatissime
1186 419 1441 476 soliloquus
1470 420 1814 477 theologiceque
1842 420 2043 477 philoso-

362 486 483 543 phus
512 492 556 528 te
584 487 676 528 tuis
704 487 1000 528 temerarium
1027 485 1126 528 fore
1153 485 1391 542 psalmista
1419 485 1591 542 detegit
1618 487 1666 528 in
1692 486 2043 543 procacitatibus

361 553 683 609 licitorumque
718 552 907 595 ludicris
943 553 992 594 in
1025 551 1442 608 reprobacionibus.
1477 553 1568 594 Sua
1603 566 1772 609 nempe
1806 566 1920 595 sano
1955 552 2044 595 sub

362 619 549 662 silencio
581 619 863 676 presolidata
894 618 1138 676 faustaque
1170 620 1234 661 sic
1267 618 1389 661 fatur
1420 619 1537 661 inter
1568 620 1698 669 seria,
1731 619 1791 661 de
1823 619 2044 676 gloriante

362 701 625 729 sermonem
647 685 792 729 fando
814 685 986 728 faciens
1009 687 1058 728 in
1079 685 1271 728 malicia:
1294 686 1407 728 Tota
1429 685 1506 728 die
1527 686 1746 743 cogitauit
1769 686 2044 728 iniusticiam

361 753 485 811 ligua
500 759 593 803 tua,
608 753 929 810 nouaculaque
943 754 1061 795 sicut
1076 758 1210 795 acuta
1223 752 1370 795 fecisti
1383 752 1560 795 dolum.
1574 753 1664 795 Sed
1679 758 1725 795 et
1739 753 1850 795 alias
1864 754 1903 795 is
1918 752 2045 795 idem

362 820 594 863 salubrem
608 825 790 862 sensate
803 821 1006 877 citraque
1021 821 1289 862 iactanciam
1303 820 1366 862 sic
1381 820 1528 876 inquit
1541 819 1754 862 faciendo
1768 833 2042 862 sermonem:

361 888 504 944 Ligua
521 902 625 930 mea
642 892 738 929 tota
755 887 832 929 die
849 887 1146 929 meditabitur
1162 887 1401 929 iusticiam.
1419 887 1517 929 Nec
1533 887 1962 943 incircumspeccius
1979 887 2043 929 sic

361 960 406 997 et
441 955 565 997 alias:
602 956 669 996 Os
705 955 814 996 iusti
849 954 1146 996 meditabitur
1181 955 1472 1011 sapienciam.
1508 955 1606 996 Nec
1641 954 2043 996 inconueniencius

361 1022 540 1063 iterum:
558 1022 790 1063 Protector
805 1035 938 1063 meus
954 1026 999 1063 et
1013 1035 1159 1063 cornu
1174 1020 1333 1063 salutis
1350 1035 1464 1062 mee.
1480 1021 1578 1062 Nec
1594 1021 1984 1077 incompetencius
1999 1025 2045 1062 et

361 1089 541 1130 iterum:
565 1089 692 1130 Deus
716 1089 938 1145 precinxit
961 1102 1037 1130 me
1059 1089 1240 1129 virtute.
1264 1088 1362 1129 Nec
1386 1087 1646 1129 insubtilius
1669 1093 1714 1129 et
1737 1087 1854 1129 alibi:
1879 1088 2043 1129 Beatus

361 1156 442 1212 qui
459 1155 629 1197 tenebit
647 1169 758 1197 suos
777 1160 822 1197 et
840 1154 996 1197 allidet
1014 1154 1074 1196 ad
1093 1159 1272 1211 petram
1303 1154 1394 1211 {30r
1408 1155 1415 1211 Ι
1445 1154 1678 1211 paruulos.
1697 1155 1749 1196 Et
1766 1154 1884 1196 alibi:
1903 1154 2045 1210 Ligna

361 1223 514 1279 campi
533 1227 578 1264 et
597 1221 725 1264 cedri
743 1221 902 1264 Libani
922 1221 1250 1264 saturabuntur
1269 1235 1384 1278 quas
1405 1221 1640 1278 plantauit.
1661 1221 1804 1278 Atqui
1823 1220 1929 1263 talia
1948 1220 2044 1263 tali-

361 1289 541 1346 busque
558 1289 724 1331 similia
740 1288 810 1331 fas
828 1294 897 1330 est
913 1294 958 1330 et
975 1288 1106 1330 facile
1123 1288 1451 1330 scrutatoribus
1469 1289 1673 1330 invenire
1689 1287 2044 1344 sompniculosis

361 1355 553 1405 infinita,
567 1355 650 1398 sed
665 1361 710 1397 et
724 1355 913 1397 obuiam
926 1355 1054 1397 velut
1068 1356 1116 1397 in
1127 1355 1357 1397 vestibulo
1370 1356 1561 1396 veniunt
1574 1354 1904 1411 lupanaliterve
1917 1354 2044 1396 velut

361 1424 619 1479 prostituta.

426 1489 525 1544 [10.]
547 1490 883 1531 Uerumtamen
918 1494 983 1538 tul
1019 1488 1185 1530 talibus
1222 1488 1474 1545 taliumque
1509 1487 1734 1530 similibus
1772 1487 1891 1544 (licet
1926 1487 2044 1529 licite

361 1556 740 1613 litteralitatisque
760 1556 905 1599 modo
926 1556 1003 1598 uel
1022 1555 1257 1612 analogice
1276 1555 1672 1610 conuenientibus)
1695 1556 1758 1597 sic
1778 1555 2045 1603 enunciatis,

362 1638 472 1666 aure
493 1623 637 1665 delira
657 1623 733 1665 uel
753 1623 918 1665 auditu
939 1622 1059 1665 male
1079 1622 1278 1664 discreto
1297 1623 1544 1679 conceptis!
1565 1627 1608 1663 te
1629 1613 1960 1679 prorimareris¹
1983 1620 2044 1663 ad

363 1691 660 1747 garriendum
679 1690 955 1732 stolidiusue
974 1689 1341 1747 promptificares
1361 1689 1421 1731 ad
1441 1688 1932 1737 submurmurandum,
1950 1701 2046 1730 non

361 1757 478 1800 bene
504 1771 674 1814 gnarus
700 1757 828 1814 quod
856 1757 973 1799 dum
999 1756 1105 1799 talia
1130 1756 1420 1813 frequencius
1446 1755 1641 1812 figurate
1665 1755 1908 1798 fundendo
1934 1768 2044 1797 sane

362 1825 532 1867 sensati
551 1823 932 1881 laudabiliterque
951 1823 1114 1866 literati
1133 1824 1196 1866 sic
1216 1814 1591 1865 sermocinanter²
1608 1822 1940 1879 verbaliterque
1957 1821 2044 1864 sibi

362 1906 457 1933 non
483 1891 600 1933 bene
625 1891 952 1933 conveniencia
978 1881 1297 1947 coniungunt,3
1325 1889 1545 1947 loquendi
1571 1889 1734 1931 liberas
1761 1889 1848 1931 sibi
1874 1880 2044 1930 laxant⁴

362 1959 426 2001 sic
446 1958 661 2001 habenas,
682 1959 829 2015 Loqui
848 1963 1178 2000 mansuescunt
1196 1957 1368 2000 famina
1388 1958 1452 1999 sic
1472 1971 1554 2013 per
1573 1956 1722 1999 effusa
1741 1955 1950 2013 figurate,
1969 1954 2045 1998 uel

362 2025 536 2083 aliquid
563 2025 842 2083 subintelligi
868 2040 1007 2083 posse
1032 2024 1108 2067 uel
1134 2025 1279 2067 eciam
1305 2024 1473 2067 debere
1498 2023 1743 2066 bellissime
1769 2022 2044 2080 relinquunt.

361 2084 450 2136 Sic⁵
475 2107 662 2151 quoque
686 2093 768 2135 tibi
793 2098 962 2150 tueque
986 2092 1061 2135 vel
1084 2106 1139 2135 ex
1164 2092 1451 2135 habundanti
1475 2091 1734 2134 satisfacere
1758 2104 1840 2148 per
1863 2103 2045 2147 expres-

362 2175 469 2203 sum
500 2161 788 2218 procacitatis
820 2161 870 2203 in
899 2160 1054 2217 aliquo
1086 2159 1249 2202 saltem
1280 2173 1471 2216 pergam
1502 2159 1816 2216 pertinacitati,
1847 2163 1950 2200 tuas
1982 2156 2043 2199 ad

363 2228 652 2270 audiendum
672 2233 768 2270 tam
788 2233 938 2270 truces
959 2218 1174 2284 arrigere⁶
1194 2228 1233 2269 si
1253 2226 1360 2269 libet
1380 2226 1618 2268 auriculas.

426 2295 526 2350 [11.]
548 2296 628 2338 Ait
657 2296 781 2337 enim
811 2294 1060 2352 spiritualis
1091 2294 1165 2336 ille
1195 2293 1462 2350 soliloquus:
1492 2294 1604 2335 Tota
1634 2293 1710 2335 die
1739 2292 1971 2349 cogitauit,
1999 2296 2044 2334 et

362 2368 522 2405 cetera.
541 2363 683 2419 Ligue
700 2362 906 2419 quidem,
923 2362 1026 2404 licet
1043 2361 1359 2410 absonissime,
1375 2361 1601 2417 cogitatus
1619 2359 1803 2402 attribui
1818 2358 2045 2408 videatur;

362 2431 426 2472 sic
449 2429 627 2472 dictum
649 2429 888 2486 taliterque
910 2434 1066 2471 tamen
1087 2428 1284 2471 absoluit
1306 2442 1332 2470 a
1353 2428 1474 2470 vicio
1495 2427 1622 2484 quod
1645 2426 1914 2483 relinquitur
1935 2439 2045 2468 sane

362 2496 816 2553 subintelligendum,
832 2510 927 2553 quo
944 2496 1113 2538 scilicet
1129 2509 1342 2538 sermone
1359 2494 1436 2537 tali
1453 2508 1563 2536 sane
1580 2494 1861 2550 relinquatur
1877 2492 2044 2535 debere

362 2564 640 2620 subintelligi
651 2563 953 2605 verbaliterve
963 2563 1215 2619 vituperari
1227 2562 1392 2604 mentis
1405 2561 1566 2603 leuitas
1578 2561 1841 2603 elocuciove
1852 2573 2043 2616 preceps

436 2818 447 2840 ¹
465 2823 636 2871 prorimis
653 2825 676 2858 S

435 2873 449 2896 ²
465 2880 793 2915 sermonicinanter
809 2880 831 2914 S

434 2930 449 2952 ³
464 2935 730 2982 coniungendo
746 2936 769 2970 S

434 2987 449 3009 ⁴
465 2992 626 3026 laxando
642 2992 665 3026 S

435 3042 449 3065 ⁵
463 3048 521 3083 Sic
537 3048 586 3083 ed.

434 3098 449 3120 ⁶
464 3105 582 3151 arrige
599 3106 622 3140 S
