2132 3346
218 430 270 455 335

216 1099 267 1124 345

215 1434 266 1458 350

215 1770 266 1795 355

213 2104 265 2128 360

333 148 391 189 74
528 157 715 190 SERIUM
737 157 1042 191 SENECTUTIS

333 280 648 322 indifferenter
684 282 837 323 omnis
875 296 1105 338 perpenso
1143 282 1390 324 subtilitate
1427 284 1612 333 iudicio,
1649 284 1903 341 libratoque
1940 286 2016 327 uel

332 346 544 389 subtilius
574 347 650 389 uel
679 349 960 404 pragmatice
990 348 1278 391 diduccionis
1307 350 1529 399 examine,
1557 350 1685 406 quod
1715 351 1763 393 in
1791 351 2015 394 iudicium

333 413 534 455 deducta
551 428 624 456 res
642 414 1003 470 expostulauerit
1020 420 1220 457 statuere
1237 421 1444 458 teneatur
1461 416 1666 459 sollerter
1681 422 1726 459 et
1743 418 2014 460 examinare.

331 481 696 538 Verumptamen
719 482 767 523 in
790 481 1040 523 leuioribus
1065 483 1215 524 causis
1240 483 1537 539 procliuiores
1561 483 1622 525 ad
1646 484 1880 526 leuitatem
1903 486 2014 527 iuris

332 548 570 589 iustiorem
597 548 853 605 benignitas
879 554 924 590 et
950 549 1123 591 iudicat
1149 554 1194 591 et
1220 549 1345 591 iubet
1371 549 1546 592 iudices
1572 564 1673 592 esse
1700 551 1879 593 debere.
1906 552 2018 594 Non

331 616 485 657 minus
502 620 547 657 et
563 616 611 657 in
626 616 758 672 penis
775 615 1064 672 grauioribus
1080 617 1372 658 seueritatem
1388 616 1543 673 legum
1558 631 1666 660 cum
1682 623 2016 675 temperamen-

332 687 379 724 to
406 682 697 739 benignitatis
725 683 880 740 aliquo
906 683 1239 726 sentencialiter
1264 676 1501 734 exercere,1
1530 686 1744 742 quamuis
1770 699 1825 728 ex
1852 685 2015 729 ordine

331 750 528 807 regulari
564 751 662 792 iure
697 750 805 793 facti
840 752 1021 807 questio
1057 751 1301 793 iudicantis
1336 751 1597 795 voluntario
1633 744 1846 810 persepe²
1880 752 1933 796 fit
1968 754 2017 796 in

331 817 515 859 iudicio.
545 818 664 860 Pena
691 832 805 860 vero
832 818 908 860 uel
936 818 1111 874 penalis
1139 820 1352 861 execucio
1381 820 1577 862 sanccite
1604 819 1716 876 legis
1744 820 2016 864 attribuatur

331 884 528 926 arbitrio.

394 950 494 1004 [22]
516 951 639 992 Talia
659 952 777 992 sicut
797 965 1000 1007 auguror
1019 952 1264 1001 ordinaria,
1283 952 1438 994 subtili
1470 952 1588 1008 111⁹!
1619 967 1822 1009 sanaque
1840 967 2014 1010 suppo-

331 1016 455 1057 diata
476 1018 672 1065 racione,
693 1019 997 1073 perscrutanti
1017 1018 1174 1059 studio
1195 1018 1418 1059 subtiliter
1438 1024 1482 1059 et
1503 1020 1760 1075 inspicienti
1779 1020 2015 1075 Moysaice

329 1082 513 1124 cuilibet
531 1084 737 1125 invenire
755 1083 824 1125 fas
843 1089 912 1125 est
930 1089 975 1125 et
993 1083 1185 1126 facultas
1204 1084 1536 1126 iurisdiccionis
1555 1086 1604 1127 in
1620 1086 1905 1127 execucione.
1923 1085 2013 1127 Sed

329 1155 374 1190 et
391 1149 452 1191 ad
470 1163 719 1199 summam,
736 1164 811 1191 me
828 1150 994 1199 iudice,
1012 1151 1192 1206 singula
1209 1165 1300 1207 que
1316 1152 1529 1207 superius
1547 1153 1639 1193 iam
1657 1153 1807 1208 posita
1822 1152 2014 1193 verbali-

330 1221 397 1258 ter
420 1221 515 1258 tam
538 1230 756 1273 peruerse
779 1218 1084 1273 preuaricanti
1107 1222 1294 1274 tamque
1316 1219 1604 1274 pertinaciter
1625 1209 1932 1275 exasperanti³
1954 1218 2014 1261 de

329 1283 506 1339 populo
535 1289 643 1325 sunt
670 1283 882 1340 exempla
909 1285 1295 1326 consternacionis
1324 1285 1513 1326 attonite
1541 1299 1663 1334 sane,
1691 1286 1808 1327 sicut
1835 1286 2014 1341 opinor,

329 1351 522 1392 sensatis
544 1350 690 1406 opido
711 1356 820 1392 sunt
841 1351 1086 1392 incitatiua.
1108 1351 1222 1405 Sunt
1243 1356 1287 1392 et
1309 1351 1631 1393 admiracionis
1653 1351 1878 1394 infinitiue
1899 1365 2014 1394 sano

329 1423 602 1474 sensateque
639 1417 887 1467 cerebrato,
926 1419 1043 1460 sicut
1081 1432 1296 1475 auguror,
1334 1418 1517 1460 cuilibet
1554 1420 1808 1469 excitatiua,
1846 1420 1886 1461 si
1923 1433 2014 1476 que

328 1485 559 1541 contigere
575 1490 670 1527 tam
684 1486 915 1542 peruersis
931 1485 1050 1527 adeo
1064 1486 1190 1527 varie
1206 1485 1560 1543 mirabiliterque
1575 1486 1754 1543 singula
1768 1487 2014 1543 contigisse

329 1552 676 1608 perhiberentur
697 1553 762 1594 eis
786 1553 834 1595 in
855 1552 1005 1609 figura
1027 1552 1291 1595 futurorum
1313 1552 1558 1610 figuratiue
1579 1568 1674 1596 non
1695 1555 1848 1596 minus
1870 1568 2012 1611 quam

328 1621 460 1676 quasi
479 1620 866 1676 preambulatorie
883 1620 1268 1677 predesignatiua.
1287 1621 1440 1663 Nemo
1459 1635 1627 1678 nempe
1644 1627 1779 1663 natus
1797 1621 1886 1663 sub
1902 1621 2013 1671 sole,

328 1701 444 1736 reor,
461 1687 581 1729 adeo
599 1701 873 1744 peruersum
891 1687 967 1729 uel
985 1689 1033 1729 in
1049 1689 1324 1744 procacitate
1341 1689 1722 1744 preuaricacionis
1740 1688 1860 1730 adeo
1877 1689 2013 1745 perti-

328 1768 490 1795 nacem
505 1768 644 1810 posse
660 1755 786 1796 nasci
801 1754 988 1796 credere
1004 1755 1230 1811 potuisset
1246 1756 1294 1796 in
1309 1755 1465 1796 medio
1482 1755 1724 1811 populum,
1740 1755 1981 1797 diuinitate
1993 1747 2012 1774 ⁴

328 1826 434 1877 post
466 1826 699 1862 tantorum
731 1822 951 1878 gratuitas
982 1821 1312 1863 beneficiorum
1343 1827 1410 1863 tot
1439 1822 1727 1871 exibiciones,
1757 1822 2012 1879 preuarica-

327 1888 607 1944 cionumque
628 1893 723 1929 tam
744 1888 965 1930 terribiles
985 1888 1326 1945 vlcionalesque
1346 1889 1648 1945 punicionum
1668 1894 1775 1945 post
1795 1888 2012 1946 penalita—

328 1959 409 2003 tes,
430 1954 550 1996 adeo
571 1956 861 2011 pertinaciter
881 1956 1113 2011 ingratum
1134 1960 1321 2011 tamque
1341 1955 1722 1997 subsannabiliter
1742 1955 2011 1997 induratum

328 2026 514 2077 tamque
541 2021 789 2063 bestialiter
816 2021 1104 2071 infrunitum,
1131 2023 1170 2064 si
1199 2027 1354 2064 tamen
1379 2023 1594 2064 vniuersa
1624 2022 1768 2078 (quod
1796 2023 2010 2078 quamuis

327 2088 562 2129 admirans
577 2088 839 2130 admodum
853 2094 1137 2145 spontaneus
1152 2089 1364 2145 admitto)
1381 2090 1471 2130 sint
1485 2090 1675 2131 omnino
1687 2102 1797 2130 vera
1811 2102 1902 2146 que
1915 2094 2010 2130 tam

327 2169 548 2212 peruerso
573 2155 694 2197 dicta
719 2161 828 2198 sunt
852 2155 1160 2212 dicunturque
1185 2155 1245 2198 de
1269 2155 1446 2213 populo
1470 2157 1780 2213 pertinacique
1804 2169 1892 2198 suo
1916 2161 2011 2198 tam

327 2222 616 2265 derisibiliter
635 2224 684 2265 in
703 2223 1018 2265 deliramento.

925 2419 1103 2467 LIBER
1131 2417 1417 2467 TEchJs⁵

325 2560 413 2601 Uix
434 2559 639 2601 validam
659 2574 750 2616 que
770 2565 936 2616 sponte
956 2565 1115 2602 mouet
1134 2561 1237 2617 quis
1258 2559 1410 2602 dicere
1429 2560 1611 2617 plebem

385 2627 464 2668 Vir
483 2626 610 2669 uolet
629 2641 778 2683 usque
798 2641 938 2669 suum
959 2627 1234 2684 desipiendo
1254 2628 1418 2677 Deum,·

398 2870 409 2892 ¹
426 2876 575 2910 extitere
591 2877 614 2910 S

398 2925 411 2947 ²
428 2941 581 2977 presepe
598 2932 621 2965 S

397 2981 411 3004 ³
426 2997 470 3021 ex
486 2987 670 3033 asperanti
688 2988 711 3021 S

397 3036 411 3058 ⁴
427 3043 664 3078 diuinitatiue
680 3044 703 3078 S

397 3092 411 3115 ⁵
427 3100 455 3133 R
473 3104 599 3146 repeats
614 3099 707 3134 liber
721 3099 854 3134 tercius
870 3100 903 3133 in
923 3110 1025 3146 marg.
