2158 3366
288 1249 323 1274 10

289 1584 324 1609 15

291 1918 325 1944 20

293 2659 327 2684 30

380 162 439 204 48
576 169 764 203 SERIUM
786 168 1091 203 SENECTUTIS

382 495 551 537 HELIE
572 494 743 536 RUBEI
762 493 1229 535 TRIPOLAWENSIS
1247 492 1466 534 SERIUM
1484 482 1848 533 SENECTUTIS¹

382 629 509 670 Dum
527 628 674 669 variat
694 626 934 669 studiosus
954 626 1097 668 homo
1117 639 1245 667 sacra
1263 626 1585 681 coniugiorum

443 694 621 737 ffedera
640 694 760 736 felici
779 693 936 736 federe
955 692 1115 735 crebro
1134 697 1269 742 caret,

383 763 436 805 Et
456 776 680 819 superum
699 775 828 803 sacra
848 765 1014 818 sponte
1034 760 1201 817 loquax
1222 759 1556 815 hominumque
1576 758 1761 807 reuelat;

444 829 627 886 Copula
646 828 807 871 fin<e>
827 827 923 871 fide
942 827 1177 870 federibus
1201 836 1226 862 4-
1248 831 1405 869 verata
1428 835 1454 861 4

384 898 507 939 Cum
526 898 635 938 Ioue
655 897 894 945 Iunonem!
912 895 1135 937 claudum
1153 908 1262 936 cum
1282 893 1471 950 Cipride
1490 893 1673 935 fabrum

444 964 648 1013 Federat,
667 963 939 1006 Abderitem
959 961 1145 1019 copulat
1165 966 1302 1018 atque
1321 961 1473 1010 Team;

383 1022 659 1087 Argionam²
678 1031 787 1072 Iano
807 1030 969 1086 iungit!
989 1029 1106 1071 dum
1125 1027 1426 1084 Philologiam

444 1098 677 1140 Mercurio
697 1098 872 1139 sociam
891 1095 1132 1138 conciliare
1151 1095 1308 1137 studet

384 1165 559 1207 Iudicio
579 1165 716 1213 Iouis!
735 1169 780 1205 et
800 1163 934 1205 Peleo
953 1154 1125 1204 Thetis³
1145 1176 1172 1204 a
1191 1163 1300 1203 Ioue
1320 1162 1442 1203 iusto

445 1233 666 1288 Iungiturl
685 1231 827 1287 idque
847 1230 992 1272 libens
1013 1243 1124 1286 sepe
1143 1234 1328 1271 retartat
1347 1228 1501 1270 homo:

384 1299 589 1341 Admeto
610 1299 784 1340 sociare
804 1311 939 1339 suam
959 1310 1009 1338 se
1029 1295 1297 1352 segnificare

444 1366 530 1407 Vix
550 1364 675 1406 volet
694 1364 927 1406 Alcestem
947 1377 1030 1419 per
1050 1362 1231 1404 deitatis
1252 1375 1405 1418 opeml

384 1433 483 1474 Nec
503 1431 713 1474 sobolem
732 1431 892 1473 ceteris
913 1429 1087 1486 cupido
1107 1429 1385 1484 coniungere
1404 1428 1498 1469 Diti

446 1500 608 1541 Cessat
628 1498 771 1540 homo
792 1497 983 1554 dignam
1003 1502 1098 1538 tam
1118 1495 1346 1552 locuplete
1364 1496 1479 1544 viro;

385 1567 632 1622 Promptus
652 1571 697 1607 et
717 1565 778 1607 ad
798 1565 986 1613 vicium,
1006 1563 1190 1605 socialia
1209 1562 1392 1604 vincula
1412 1563 1575 1603 viuens

446 1633 637 1675 Nisibus
658 1633 848 1675 intensis
869 1645 1059 1688 querere
1079 1636 1208 1673 curat
1227 1643 1387 1672 ouans.

385 1702 455 1743 Sic
476 1714 635 1742 secum
655 1714 740 1742 sua
759 1704 906 1755 nupta
926 1698 1012 1740 sibi
1032 1712 1173 1754 super
1192 1697 1348 1739 omnia
1367 1697 1528 1752 querit,

446 1767 643 1823 Solaque
663 1780 773 1823 sepe
793 1765 880 1807 sibi
899 1771 1010 1807 uota
1030 1764 1230 1820 maligna
1250 1768 1422 1812 mouetl

385 1834 582 1890 Solaque
602 1847 692 1890 que
712 1833 896 1889 fugiunt
916 1833 1210 1889 perituraque
1229 1831 1426 1886 coniuga
1445 1843 1624 1878 curans!

447 1900 658 1943 Moribus
679 1899 844 1942 infesta
864 1899 1022 1941 federa
1042 1898 1150 1941 feda
1170 1897 1347 1955 probat,
1363 1898 1369 1953 Ι
1383 1896 1451 1953 1νΙ

387 1970 484 2011 Nec
504 1969 649 2010 vitam
668 1969 839 2010 virtute
857 1966 983 2008 volet
1003 1966 1089 2008 sibi
1108 1965 1265 2007 federe
1284 1966 1437 2006 iuncta

447 2037 517 2078 Sic
538 2036 738 2078 solidare
758 2049 906 2084 suam,
926 2048 1020 2091 quo
1040 2035 1098 2075 sit
1118 2035 1166 2075 in
1185 2033 1295 2075 orbe
1314 2032 1484 2074 valens.

388 2104 549 2145 Pectus
569 2108 614 2145 et
634 2117 687 2144 os
707 2101 928 2144 socianda
948 2101 1034 2143 sibi
1053 2099 1299 2142 consedere
1319 2099 1455 2141 firmo

448 2170 669 2212 Distrahit
688 2175 733 2211 et
752 2170 899 2211 variat
918 2181 1081 2210 censor
1100 2168 1331 2223 Vtrimque
1351 2165 1494 2215 rudis;

388 2239 515 2290 Quin
534 2238 689 2295 potius
710 2242 921 2279 sensatus
942 2236 1085 2278 homo
1104 2235 1382 2291 coniungere
1402 2233 1501 2275 fido

449 2305 625 2348 ffedere
645 2310 806 2362 pergat
825 2318 879 2347 ea
898 2304 1159 2346 consociata
1179 2302 1278 2351 sibi;

388 2373 583 2415 ffederet
603 2387 714 2429 ergo
734 2371 873 2413 simul
893 2371 991 2412 duo
1011 2371 1074 2412 sic
1096 2369 1262 2411 sociale
1282 2369 1494 2425 ligamen!

449 2442 557 2491 Quo
577 2440 694 2481 bene
713 2439 989 2481 conveniant
1010 2442 1170 2494 pectus
1191 2442 1235 2478 et
1256 2437 1347 2477 oris
1368 2449 1500 2492 opus.

454 2573 524 2628 [1.]
548 2574 636 2615 Uix
667 2587 754 2630 ego
783 2571 975 2629 quidem
1006 2571 1111 2613 talia
1140 2570 1233 2612 fine
1263 2569 1575 2627 predestinato
1605 2566 1937 2624 precluderaml
1965 2578 2073 2606 cum

389 2655 579 2684 consors
609 2655 741 2683 meus
771 2654 856 2682 sua
885 2653 970 2696 pro
999 2637 1334 2680 consuetudine
1364 2650 1521 2678 secum
1549 2636 1669 2691 cepit
1697 2634 2074 2676 submurmurare

390 2709 642 2765 Philippus,
665 2707 947 2763 tandemque
971 2706 1082 2748 tales
1106 2705 1317 2762 prorupit
1340 2705 1388 2746 in
1410 2716 1659 2751 sermones,
1680 2701 1807 2743 velut
1830 2714 1912 2757 per
1933 2699 2073 2741 verba

465 2942 475 2963 ¹
494 2947 601 2982 Helie
613 2947 728 2982 Rubei
741 2945 1026 2993 Tripolawensis
1037 2944 1180 2979 Serium
1193 2942 1396 2978 Senectutis
1410 2941 1537 2987 Incipit
1551 2942 1584 2975 S.
1596 2941 1709 2975 Above
1724 2940 1776 2974 the
1788 2938 1904 2985 incipit
1918 2939 1940 2972 S
1954 2937 2073 2972 writes:

392 3003 491 3038 Assit
507 3002 690 3049 principio
705 3003 836 3036 Sancta
854 3000 971 3035 Maria
989 3010 1073 3034 meo
1090 3005 1263 3033 <amen>.

465 3053 478 3075 ²
495 3059 658 3105 Argiona
676 3060 698 3093 S

464 3109 478 3131 ³
495 3115 619 3149 Rhetis
636 3116 658 3149 S
