2132 3346
217 151 306 192 236
445 158 807 193 COMMENTARY

215 279 378 330 3:467“)1
394 280 723 319 ¹¹COG1TAU1T.
741 282 1014 332 Augustinus:
1030 282 1071 319 Si
1087 295 1173 320 non
1190 287 1326 333 potest
1341 282 1486 327 facere,
1501 283 1686 334 loquitur
1700 283 1845 322 saltem
1862 284 2032 328 malum,

216 341 256 374 et
273 338 308 374 si
325 336 405 374 hoc
423 339 578 388 nequit,
595 337 785 388 cogitat.“

276 395 352 430 180
369 393 444 430 We
462 393 595 444 might
611 393 718 431 wish
735 399 777 431 to
794 394 946 432 emend
965 394 1070 441 Quid
1087 400 1128 432 to
1147 395 1232 439 Cui,
1249 394 1450 446 although
1467 395 1598 446 doing
1614 408 1663 433 so
1680 396 1824 434 would
1843 402 1916 434 not
1932 396 2034 435 alter

217 448 285 486 the
303 461 423 487 sense
441 448 730 501 significantly.

275 507 430 543 181-82
443 505 549 543 Sicut
563 535 571 543 .
586 535 594 543 .
610 535 618 543 .
623 505 817 556 facilitate:
831 506 965 544 Glossa
979 506 1228 544 interlinearis
1240 507 1289 544 ad
1302 507 1363 545 Ps.
1376 508 1463 545 51.4
1478 507 1609 557 (Biblia
1623 519 1708 545 cum
1719 508 1858 559 glossa,
1869 508 2031 559 3:467''):

215 561 394 599 “SICUT
410 561 726 599 NOUACULA.
745 563 1019 612 Augustinus:
1038 564 1092 600 ita
1110 562 1336 613 expedite.''

275 619 429 654 183-89
449 617 628 668 Sequitur
725 618 949 656 testamenti:
969 618 1103 656 Glossa
1123 619 1339 670 marginalis
1358 619 1406 656 ad
1425 620 1486 657 Ps.
1506 620 1619 657 34.28
1640 619 1771 670 (Biblia
1791 631 1876 658 cum
1893 620 2032 672 glossa,

214 673 371 724 3:4525:
398 673 488 711 “ET
513 674 719 712 LINGUA
746 674 874 712 MEA.
901 674 1191 713 Cassiodorus:
1219 675 1376 726 Lingua
1402 677 1492 713 eius
1519 675 1714 714 meditata
1741 682 1803 714 est
1828 677 2033 715 iusticiam

215 729 387 780 quando
405 742 568 767 nouum
587 735 879 768 testamentum
897 730 1068 782 populis
1086 731 1352 782 predicauit.''

274 788 428 824 188-89
442 786 550 824 cuius
565 816 573 824 .
588 816 596 824 .
612 816 619 824 .
636 787 861 824 testamenti:
875 786 1182 838 Alternatively,
1194 787 1297 825 “His
1311 793 1467 838 tongue
1480 790 1514 825 is
1527 787 1617 825 said
1632 793 1673 825 to
1686 787 1794 826 have
1806 788 2031 826 meditated

211 843 357 892 justice
375 844 417 879 in
436 841 661 893 preaching
678 855 702 880 a
721 844 867 893 saving
884 842 980 880 God
999 842 1083 880 and
1103 842 1171 880 the
1188 844 1294 880 New
1311 843 1580 881 Testament.“

274 900 426 936 190-91
454 898 620 936 Subinde
728 899 1029 937 instruccionem:
1056 899 1189 937 Glossa
1215 899 1464 937 interlinearis
1489 900 1537 937 ad
1563 901 1624 938 Ps.
1649 901 1763 938 36.3O
1789 900 1920 951 (Biblia
1946 912 2032 938 cum

212 954 351 1004 glossa,
365 954 522 1004 3:4543:
539 954 628 992 “ET
644 955 849 993 LINGUA
865 955 978 993 EIUS
994 956 1264 1001 LOQUITUR
1280 956 1561 994 IUSTICIAM.
1579 957 1839 994 Instructioni
1854 956 2032 995 aliorum

214 1010 317 1061 quid
331 1010 438 1048 deus
452 1013 635 1061 precepit
649 1016 787 1048 tenere
799 1011 865 1048 vel
878 1011 1060 1062 fugere.“
1075 1012 1089 1049 1
1105 1024 1296 1062 preserve
1310 1012 1378 1049 the
1391 1012 1658 1050 substitution
1671 1012 1717 1050 of
1728 1014 1953 1063 sapienciam
1967 1012 2033 1050 for

215 1067 401 1103 iusticiam
421 1066 510 1117 (141
531 1066 680 1116 above)
699 1079 745 1104 as
764 1066 949 1118 possibly
967 1067 1182 1105 authorial.

274 1124 427 1160 194-96
451 1122 643 1160 Subicitur
664 1153 672 1160 .
688 1153 695 1160 .
711 1153 719 1160 .
741 1123 954 1160 amandata:
977 1123 1110 1161 Glossa
1133 1123 1349 1174 marginalis
1371 1124 1419 1161 ad
1441 1125 1502 1162 Ps.
1525 1125 1611 1162 17.3
1635 1124 1766 1174 (Biblia
1788 1136 1874 1162 curn
1893 1125 2031 1175 glossa,

213 1177 375 1229 3:434v):
401 1178 748 1216 “PROTECrOR.
775 1180 1048 1230 Augustinus:
1074 1180 1184 1225 Quia
1210 1179 1263 1217 de
1289 1193 1356 1217 me
1381 1193 1467 1218 non
1493 1182 1729 1231 presumpsi
1755 1182 1875 1232 quasi
1900 1193 2031 1218 cornu

213 1234 409 1286 superbie
431 1240 573 1273 contra
598 1240 636 1273 te
658 1237 832 1286 erigenS,
855 1235 929 1274 sed
953 1235 1240 1274 celsitudinem
1263 1235 1407 1274 salutis
1431 1238 1571 1275 inueni
1594 1236 1710 1288 quod
1735 1242 1778 1275 vt
1801 1238 2031 1276 inuenirem

214 1293 432 1342 suscepisti
451 1291 556 1330 me.“

273 1350 453 1386 197-202
479 1348 729 1399 Subsequitur
835 1349 1031 1386 intellecta:
1058 1349 1190 1387 Glossa
1217 1350 1465 1387 interlinearis
1490 1350 1538 1387 ad
1563 1351 1623 1387 Ps.
1650 1351 1762 1387 17.33
1789 1350 1920 1401 (Biblia
1945 1361 2030 1388 cum

211 1404 350 1456 glossa,
362 1404 519 1455 3.436‘):
534 1405 845 1443 “PRECINXIT.
860 1407 1133 1456 Augustinus:
1150 1406 1214 1443 Ne
1228 1405 1404 1443 fluentes
1419 1408 1535 1444 sinus
1549 1406 1787 1457 cupiditatis
1802 1406 2032 1458 impediant

214 1473 393 1512 gressus,
411 1461 454 1499 id
473 1467 535 1499 est
551 1461 661 1499 bona
680 1461 846 1513 opera.‘'

273 1519 453 1555 199-202
467 1529 540 1568 quo
555 1548 563 1555 .
578 1548 585 1556 .
601 1548 609 1555 .
625 1517 821 1556 intellecta:
835 1518 1184 1569 Grammatically,
1199 1518 1267 1556 the
1279 1518 1460 1556 concord
1476 1520 1510 1556 is
1523 1518 1620 1556 held
1635 1523 1814 1569 suspect:
1827 1518 2031 1569 logically,

214 1573 283 1611 the
299 1573 383 1611 belt
401 1576 446 1611 is.
466 1574 647 1625 Perhaps
665 1587 730 1611 we
748 1574 901 1612 should
921 1574 1013 1612 take
1032 1574 1111 1612 this
1129 1587 1174 1612 as
1192 1574 1427 1625 hypallagy.

274 1631 428 1667 203-27
448 1629 613 1668 Subinde
634 1660 642 1668 .
658 1660 688 1668 ..
709 1631 942 1681 apparencia:
964 1630 1096 1668 Glossa
1118 1630 1334 1681 marginalis
1354 1631 1402 1668 ad
1422 1631 1483 1668 Ps.
1504 1631 1616 1669 1369
1638 1630 1768 1681 (Biblia
1789 1642 1874 1669 cum
1892 1631 2031 1681 glossa,

213 1685 374 1736 3:554v):
389 1686 614 1723 “BEATUS
626 1687 722 1732 QUI
735 1687 960 1724 TENEBIT.
975 1688 1247 1737 Augustinus:
1261 1688 1401 1732 Quam
1415 1687 1737 1730 retributionem,
1750 1693 1796 1724 ut
1808 1687 2030 1738 babylonia

213 1747 333 1779 natos
351 1743 394 1779 in
411 1742 574 1779 mundo
593 1742 697 1780 dum
715 1744 835 1793 parui
853 1748 951 1780 sunt
969 1748 1188 1794 parentum
1205 1748 1245 1780 et
1262 1743 1388 1780 seculi
1407 1742 1585 1780 suffocat
1601 1742 1820 1780 erroribus.
1839 1743 1895 1780 Ita
1913 1742 2030 1796 quod

214 1800 296 1836 iam
324 1800 499 1836 iuuenes
525 1797 621 1836 data
648 1801 859 1849 agnitione
885 1798 952 1837 dei
980 1798 1180 1850 pamulos
1206 1799 1424 1850 babylonis
1450 1798 1622 1842 elidunt,
1649 1798 1691 1837 id
1717 1804 1791 1842 est,
1817 1805 2031 1837 nascentes

213 1854 462 1905 cupiditates
483 1860 707 1906 antequam
729 1854 857 1893 robur
877 1857 1079 1906 accipiant
1101 1858 1158 1893 sic
1181 1855 1341 1893 facilius
1363 1858 1596 1898 vincuntur,
1618 1855 1693 1893 sed
1714 1861 1755 1893 et
1776 1857 1954 1893 maiores
1975 1855 2030 1893 ad

214 1915 373 1962 petram
391 1910 620 1949 occidende
637 1911 772 1949 sunt.''

273 1969 348 2005 208
365 1967 414 2005 ad
432 1997 439 2005 .
455 1997 463 2005 .
478 1997 486 2005 .
504 1967 634 2005 allidit:
653 1967 786 2006 Glossa
804 1968 1053 2005 interlinearis
1070 1968 1118 2005 ad
1136 1969 1196 2006 Ps.
1215 1969 1327 2006 1369
1345 1968 1475 2018 (Biblia
1494 1980 1578 2005 cum
1593 1967 1732 2019 glossa,
1747 1967 1909 2018 3:554v):
1926 1967 2030 2005 “AD

213 2024 437 2062 PETRAM.
456 2023 708 2062 Christum.''

273 2082 426 2119 224-26
448 2080 690 2119 beatitudinis
794 2082 1111 2119 inconueniencia:
1135 2081 1275 2119 Elias's
1297 2081 1592 2119 characteristic
1614 2080 1767 2119 refusal
1791 2086 1832 2119 to
1855 2093 1928 2132 say
1948 2082 2031 2132 just

212 2137 325 2176 what
346 2137 514 2189 specific
536 2137 761 2189 objections
783 2137 916 2190 Philip
939 2137 1070 2190 might
1091 2140 1196 2176 raise
1218 2143 1259 2176 to
1282 2138 1342 2176 Ps.
1365 2138 1478 2176 1369
1498 2137 1763 2189 complicates
1786 2137 1854 2176 the
1875 2136 1965 2176 task
1985 2136 2032 2175 of

211 2197 454 2246 construing
468 2195 548 2233 this
561 2195 723 2246 phrase.
737 2196 752 2233 I
765 2195 876 2233 read:
890 2196 1195 2233 inconueniencia
1209 2195 1450 2233 beatitudinis
1464 2194 1583 2241 [cum]
1594 2195 1851 2246 perempcione
1861 2195 2030 2246 proprio-

214 2263 297 2289 rum
308 2251 558 2303 paruulorum
574 2251 686 2302 (¹¹the
698 2251 1040 2303 incompatibility
1053 2251 1099 2289 of
1109 2251 1320 2289 beatitude
1332 2251 1431 2289 with
1446 2251 1513 2289 the
1526 2251 1737 2302 slaughter
1747 2250 1794 2289 of
1804 2250 1920 2289 one's
1931 2263 2030 2288 own

211 2307 454 2358 children“).
477 2309 515 2346 A
535 2308 616 2346 less
638 2308 788 2346 drastic
809 2308 1076 2346 emendation
1097 2307 1143 2346 of
1164 2308 1231 2346 the
1253 2310 1507 2358 manuscript
1527 2307 1699 2358 reading
1721 2308 2029 2357 improperiorum

212 2363 356 2401 would
381 2363 493 2415 yield
517 2365 796 2415 improperium,
819 2364 955 2401 which
980 2364 1085 2401 Elias
1108 2377 1205 2401 uses
1228 2364 1451 2401 elsewhere
1473 2363 1571 2414 only
1595 2363 1695 2401 with
1719 2375 1773 2400 an
1795 2365 2030 2414 appositive

212 2422 392 2471 genitive
409 2420 493 2458 and
512 2426 586 2458 not
603 2432 626 2458 a
645 2420 868 2471 subjective
886 2422 1064 2471 genitive
1083 2420 1168 2471 (see
1186 2420 1296 2458 index
1314 2420 1539 2470 verborum).

272 2478 425 2514 240-44
442 2476 728 2514 Saturabuntur
744 2507 751 2514 .
767 2507 774 2514 .
790 2507 797 2514 .
816 2480 1065 2514 contumaces:
1083 2476 1215 2514 Glossa
1233 2476 1480 2514 interlinearis
1497 2476 1545 2513 ad
1562 2476 1622 2514 Ps.
1639 2476 1778 2514 103.16
1795 2475 1926 2525 (Biblia
1943 2486 2028 2513 cum

209 2532 348 2583 glossa,
374 2531 536 2583 3:517v):
565 2532 1016 2571 “SATURABUNTUR
1044 2533 1209 2570 LIGNA
1237 2533 1406 2570 CAMPI
1436 2532 1588 2583 plebes,
1615 2531 1795 2570 humiles
1824 2533 1939 2582 prius
1969 2531 2029 2569 ET

212 2589 380 2633 CEDRI,
398 2589 550 2627 scilicet
568 2589 732 2633 diuites,
750 2589 901 2627 scilicet
920 2594 1108 2640 potentes
1127 2591 1168 2626 in
1187 2589 1340 2632 seculo,
1358 2591 1480 2626 etiam
1500 2594 1642 2639 postea
1661 2590 1759 2639 quia
1779 2590 1894 2638 prius
1912 2587 2027 2625 electi

211 2651 309 2683 sunt
325 2645 657 2696 contemptibiles
678 2645 976 2694 [contentibiles
994 2645 1065 2694 ed.]
1086 2651 1125 2683 et
1143 2645 1345 2696 ignobiles
1362 2658 1489 2696 quam
1508 2647 1714 2695 sapientes
1731 2650 1771 2682 et
1788 2643 1986 2682 nobiles.''

271 2704 347 2739 244
360 2702 597 2740 nobilitateve
609 2713 706 2739 vana
719 2706 968 2740 contumaces:
980 2701 1139 2739 Should
1152 2714 1217 2739 we
1229 2702 1362 2739 detect
1373 2702 1470 2739 here
1481 2714 1505 2739 a
1518 2706 1681 2752 gesture
1694 2700 1876 2738 towards
1888 2699 2028 2738 Elias's

212 2759 355 2796 Contra
376 2758 604 2797 nobilitatem
626 2759 798 2796 inanem?
819 2759 895 2797 For
914 2758 982 2796 the
1001 2761 1146 2796 notion
1166 2758 1251 2796 that
1269 2760 1403 2796 virtue
1422 2758 1504 2796 and
1525 2763 1598 2796 not
1616 2757 1724 2795 birth
1744 2756 1941 2808 provides
1961 2756 2030 2794 the

211 2815 310 2867 only
329 2820 419 2853 true
435 2815 546 2853 basis
564 2815 630 2853 for
645 2815 831 2866 nobility,
849 2828 918 2853 see
934 2815 1098 2866 George
1115 2814 1266 2853 McGill
1286 2815 1404 2866 Vogt,
1421 2814 1673 2865 “Gleanings
1692 2813 1756 2851 for
1774 2813 1841 2851 the
1859 2813 2026 2863 History

211 2871 257 2909 of
275 2884 299 2909 a
318 2872 556 2910 Sentiment:
578 2872 818 2910 Generositas
838 2873 972 2917 virtus,
996 2883 1070 2909 non
1092 2871 1286 2922 sanguis,''
1308 2871 1391 2909 and
1413 2872 1577 2908 Marvin
1599 2871 1637 2908 L.
1659 2870 1820 2913 Colker,
1840 2869 1918 2913 ed.,
1938 2869 2028 2907 “De

211 2927 423 2966 nobilitate
440 2928 607 2972 animi,''
624 2929 763 2966 47-49.

271 2986 346 3021 245
376 2984 504 3021 Libani
533 3014 541 3021 .
557 3014 564 3022 .
580 3014 587 3022 .
617 2984 816 3021 candidati:
846 2984 979 3021 Glossa
1008 2984 1256 3021 interlinearis
1285 2984 1333 3021 ad
1361 2984 1421 3021 Ps.
1451 2984 1589 3020 103.16
1618 2982 1749 3032 (Biblia
1777 2993 1862 3019 cum
1888 2981 2027 3032 glossa,

210 3039 372 3090 3:517⁹):
388 3040 591 3078 “LIBANI
607 3040 852 3078 candidacio
869 3042 1156 3091 interpretatur
1170 3040 1314 3085 QUAS
1330 3039 1414 3077 fide
1431 3038 1764 3077 PLANTAUIT.“
1782 3037 1845 3076 Cf.
1861 3037 2026 3075 “Laban

210 3096 455 3140 candidus,“
482 3099 523 3135 in
545 3096 740 3144 Jerome's
765 3096 869 3134 Liber
892 3097 1210 3146 interpretationis
1234 3096 1500 3134 Hebraicorum
1526 3096 1734 3138 nominum,
1757 3094 1822 3132 ed.
1847 3094 1901 3132 de
1926 3094 2026 3132 Lan-
