2132 3346
1342 147 1477 180 BOOK
1500 147 1687 180 ELEVEN
1826 140 1914 180 245

167 269 244 306 For
257 280 373 306 more
387 267 515 305 direct
528 266 668 305 verbal
682 266 844 310 echoes,
858 279 927 304 see
941 266 1136 310 Alfarabi,
1151 267 1209 304 De
1222 270 1308 303 ortu
1324 267 1565 303 scientiarum
1582 266 1663 316 (ed.
1680 267 1918 310 Baeumker,

107 323 273 373 17.5-6):
290 323 422 361 “scias
438 322 540 361 nihil
556 335 647 360 esse
662 324 741 360 nisi
758 321 1036 360 substanciam
1052 327 1092 359 et
1107 321 1298 359 accidens
1314 327 1353 359 et
1368 327 1593 359 creatorem
1610 321 1863 360 substantiae
1878 328 1918 360 et

106 379 328 417 accidentis
343 378 609 416 benedictum
626 380 668 415 in
685 377 874 415 saecula'¹
893 377 959 427 (cf.
977 377 1101 421 idem,
1117 378 1303 415 17.19-21
1323 377 1406 414 and
1424 378 1643 427 22.33-34);
1658 378 1919 415 Gundissali-

106 447 199 479 nus,
217 435 275 473 De
291 435 526 486 processione
545 434 688 471 mundi:
707 433 769 471 “si
787 439 849 471 est
866 433 1037 484 aliquid,
1055 439 1127 471 aut
1145 433 1372 471 substantia
1391 439 1463 471 aut
1480 433 1697 471 accidens''
1719 434 1918 484 (Beitriige

106 492 206 535 2435
223 490 331 528 cited
349 490 405 541 by
423 490 568 541 Sharp,
587 490 807 528 Franciscan
828 489 1053 540 Philosophy
1070 493 1109 527 at
1129 488 1285 540 Oxford,
1304 489 1383 539 66);
1401 489 1485 527 and
1504 489 1841 532 Gundissalinus,
1861 490 1918 527 De

105 548 230 584 anima
255 547 279 584 2
305 546 385 597 (ed.
411 546 579 584 Muckle
602 546 743 595 37.13):
768 546 895 583 ”Item
924 545 1066 593 [Plato]
1093 545 1292 596 quicquid
1317 550 1390 588 est,
1414 550 1486 582 aut
1509 550 1570 582 est
1594 545 1822 582 substantia
1847 551 1919 582 aut

105 602 334 641 accidens.‘'

165 660 292 697 107-8
320 662 554 709 preponatur
582 658 764 696 accidenti
795 687 849 695 ...
881 657 1107 695 substancia:
1139 657 1344 701 Aristotle,
1373 657 1632 708 Metaphysics
1664 658 1914 695 1069a18-21

107 715 343 766 (Aristoteles
356 715 512 753 latinus
524 714 817 764 25.2.204.3-6):
830 713 919 752 “De
930 713 1157 751 substantia
1170 713 1341 765 quidem
1354 713 1509 751 theoria
1522 719 1594 751 est.
1607 714 1716 751 Nam
1729 713 1918 751 substan-

106 773 255 810 tiarum
275 773 478 823 principia
497 776 537 809 et
555 783 679 809 cause
698 776 939 822 quemntur.
960 771 1005 808 Et
1024 772 1134 808 enim
1154 772 1189 808 si
1208 776 1254 808 ut
1274 776 1406 808 totum
1426 770 1644 821 quoddam
1664 782 1801 813 omne,
1821 770 1917 808 sub-

105 829 252 866 stantia
271 833 333 865 est
352 829 485 879 prima
506 840 614 878 pars,
633 832 673 865 et
692 829 726 865 si
746 826 955 878 deinceps,
974 832 1013 864 et
1033 829 1085 864 ita
1108 829 1289 878 primum
1309 826 1549 870 substantia,
1569 826 1722 864 deinde
1742 827 1918 877 qualitas

104 889 177 922 aut
187 883 433 935 quantitas.''
447 882 510 921 Cf.
523 883 705 934 Algazel,
715 882 976 934 Metaphysica
989 884 1084 920 1.1.1
1102 883 1182 933 (ed.
1196 882 1375 926 Muckle,
1386 883 1579 932 5.13-14):
1592 882 1752 934 ‘'prima
1766 882 1917 920 divisio

104 952 195 977 esse
222 944 285 977 est
313 941 355 977 in
384 939 657 977 substantiam
685 944 725 976 et
752 938 969 977 accidens''
1000 938 1210 990 (repeated
1239 944 1280 976 at
1308 939 1403 976 2.1.1
1439 938 1664 988 [130.3-4]),·
1694 940 1918 982 Avicenna,

105 995 340 1046 Philosophia
351 996 472 1046 prima
485 995 543 1032 2.1
561 995 832 1045 (1.66.21-23):
846 994 988 1032 “unde
1000 994 1227 1032 substantia
1240 1000 1302 1032 est
1313 997 1568 1032 constituens
1581 1007 1671 1032 esse
1683 995 1918 1038 accidentis,

104 1064 180 1089 nec
197 1056 259 1089 est
275 1052 496 1089 constituta
515 1050 568 1088 ab
585 1050 807 1094 accidente,
826 1052 949 1101 igitur
966 1050 1193 1088 substantia
1212 1056 1273 1088 est
1291 1050 1542 1101 praecedens
1562 1052 1603 1088 in
1621 1050 1749 1088 esse.''
1770 1050 1918 1088 Robert

105 1106 356 1158 Kilwardby,
371 1107 430 1145 De
443 1110 530 1144 ortu
547 1107 801 1150 scientiarum,
816 1106 934 1157 chap.
951 1107 1001 1144 26
1017 1106 1098 1156 (ed.
1112 1106 1232 1157 Judy,
1246 1107 1413 1156 82.6-9):
1430 1106 1567 1144 “Cum
1583 1108 1694 1144 enirn
1710 1108 1917 1156 quantitas

104 1165 156 1201 sit
171 1162 374 1206 accidens,
391 1165 433 1200 in
450 1163 635 1200 subiecto
651 1168 724 1206 est,
740 1162 967 1200 substantia
984 1175 1032 1200 ex
1049 1165 1298 1200 necessitate.
1314 1162 1394 1200 Sed
1413 1162 1479 1200 illa
1497 1162 1737 1205 substantia,
1753 1174 1849 1199 cum
1867 1165 1918 1199 sit

105 1220 219 1270 prior
243 1221 470 1270 quantitate
496 1224 535 1256 et
561 1218 704 1256 mobili
731 1218 964 1256 secundum
990 1218 1105 1269 quod
1132 1218 1389 1261 huiusmodi,
1416 1218 1606 1256 nondum
1634 1224 1730 1256 nota
1758 1224 1818 1255 est
1846 1231 1919 1268 per

105 1274 320 1326 physicam
338 1287 475 1326 neque
493 1287 567 1326 per
584 1274 952 1312 mathematicam.''

163 1332 317 1368 108-10
333 1330 397 1368 Cf.
415 1330 611 1374 Alfarabi,
628 1331 685 1368 De
700 1334 786 1367 ortu
804 1331 1044 1367 scientiarum
1064 1331 1246 1380 (23.4-7):
1263 1330 1472 1367 “Existens
1490 1335 1628 1367 autem
1647 1342 1720 1380 per
1736 1342 1780 1366 se
1797 1335 1858 1366 est
1875 1330 1916 1366 id

104 1385 220 1438 quod
243 1391 416 1424 vocatur
437 1385 676 1424 substantia.
692 1417 699 1424 .
715 1417 746 1424 ..
770 1385 898 1432 Quod
922 1392 1060 1424 autem
1084 1392 1145 1424 est
1167 1399 1252 1424 non
1277 1399 1350 1437 per
1372 1398 1416 1423 se
1438 1388 1627 1429 existens,
1650 1391 1711 1423 est
1735 1385 1776 1423 id
1801 1386 1916 1436 quod

104 1455 304 1481 vocamus
325 1442 554 1480 accidens''
574 1443 670 1480 Sten
692 1442 876 1480 Ebbesen
897 1448 1087 1493 suggests
1109 1442 1194 1480 that
1215 1442 1354 1480 Elias‘s
1376 1442 1610 1480 discussion
1631 1441 1677 1479 of
1698 1442 1765 1479 the
1785 1442 1916 1479 broad

103 1498 187 1537 and
202 1511 367 1537 narrow
381 1511 522 1537 senses
536 1498 582 1537 of
595 1498 825 1542 substance,
839 1498 940 1537 with
955 1499 1019 1537 his
1034 1498 1270 1537 distinction
1284 1498 1471 1537 between
1483 1509 1551 1549 per
1564 1509 1603 1536 se
1617 1498 1819 1536 subsistere
1833 1498 1916 1535 and

103 1555 355 1594 accidentibus
364 1555 764 1601 substarelsubsistere,
775 1567 870 1606 may
880 1555 1021 1593 derive
1030 1555 1257 1606 ultimately
1269 1555 1376 1593 from
1387 1554 1615 1593 Boethius's
1626 1555 1821 1605 Opuscula
1833 1555 1917 1604 (see

103 1617 201 1650 note
214 1617 256 1650 to
269 1612 408 1650 11.106
421 1611 583 1662 above),
597 1617 706 1649 most
718 1611 840 1663 likely
854 1611 908 1663 by
923 1624 1015 1663 way
1029 1611 1075 1649 of
1086 1611 1342 1649 discussions
1355 1610 1401 1649 of
1414 1611 1482 1649 the
1493 1611 1646 1662 Trinity
1662 1613 1703 1648 in
1718 1610 1917 1661 theologi-

103 1667 165 1706 cal
195 1669 431 1719 quaestiones
462 1681 518 1706 on
550 1669 665 1706 Peter
695 1668 911 1706 Lombard.
944 1669 1020 1706 For
1049 1668 1249 1719 example,
1281 1670 1322 1706 in
1354 1668 1588 1718 discussing
1621 1667 1688 1705 the
1721 1667 1916 1705 Boethian

104 1724 323 1762 definition
344 1724 391 1762 of
410 1724 654 1776 ¹¹persona,''
675 1724 855 1776 Stephen
879 1725 1064 1775 Langton
1086 1727 1234 1762 writes:
1257 1724 1395 1767 “Item,
1418 1730 1489 1761 aut
1511 1726 1681 1775 ponitur
1704 1723 1757 1761 ibi
1784 1723 1851 1772 [sc.
1877 1726 1917 1760 in

104 1780 334 1818 Boethius's
348 1780 581 1829 definition]
600 1780 826 1818 substantia
844 1786 967 1832 prout
981 1786 1042 1818 est
1057 1780 1120 1818 vel
1136 1780 1340 1831 significat
1355 1793 1487 1831 genus
1502 1779 1859 1831 generalissimum
1876 1782 1917 1817 in

104 1838 240 1888 primo
261 1836 608 1888 praedicamento,
629 1842 700 1874 aut
721 1842 845 1888 prout
866 1836 1103 1888 parificatur
1121 1836 1217 1874 huic
1239 1838 1413 1874 termino
1434 1836 1511 1873 ‘res
1532 1848 1606 1887 per
1625 1848 1670 1873 se
1689 1835 1877 1873 existens‘
1892 1835 1916 1849 ¹'

105 1891 384 1944 (Cambridge,
406 1893 459 1930 St.
482 1892 622 1939 John's
645 1893 719 1930 MS
741 1893 775 1930 C
799 1893 834 1935 7,
859 1891 927 1930 fol.
951 1891 1084 1942 188⁸).
1109 1893 1254 1930 Notice
1278 1892 1362 1930 that
1387 1891 1526 1929 Elias's
1551 1891 1694 1942 proofs
1718 1891 1764 1929 of
1784 1891 1916 1928 God's

103 1950 261 1999 unique
286 1950 579 1999 omnipotence
604 1948 740 1999 begin,
766 1954 807 1986 at
833 1948 1004 1991 11.86ff.,
1032 1948 1138 1986 from
1167 1948 1234 1986 the
1262 1948 1564 1986 Ambrosiaster
1589 1960 1634 1985 as
1660 1947 1766 1985 cited
1796 1949 1836 1984 in
1864 1960 1917 1984 an

104 2006 328 2055 important
346 2016 522 2055 passage
539 2004 650 2055 early
669 2006 710 2042 in
730 2004 798 2042 the
816 2004 1056 2042 Lombard's
1075 2005 1286 2041 Sentences.

163 2062 316 2098 110-12
343 2059 510 2103 Isidore,
538 2060 789 2111 Etymologiae
815 2061 975 2098 2.26.11:
1003 2060 1262 2098 “Substantia
1290 2066 1428 2097 autem
1456 2059 1606 2097 dicitur
1632 2059 1684 2096 ab
1711 2072 1773 2101 eo,
1800 2059 1915 2109 quod

103 2118 240 2154 omnis
267 2128 332 2153 res
359 2115 413 2153 ad
441 2128 486 2153 se
514 2118 648 2167 ipsam
676 2116 897 2153 subsistit.'‘
927 2117 1155 2166 Huguccio,
1182 2117 1349 2166 Magnae
1376 2116 1636 2158 derivationes,
1665 2115 1814 2152 “Unde
1842 2115 1916 2152 hec

103 2171 331 2210 substantia
349 2173 446 2223 quia
465 2171 624 2210 substat
641 2171 866 2210 accidenti''
887 2171 980 2222 (50).
1001 2171 1161 2215 Balbus,
1180 2171 1409 2215 Catholicon,
1427 2184 1498 2209 s.v.

163 2230 317 2266 112-17
337 2227 400 2266 Cf.
420 2228 757 2272 Gundissalinus,
779 2229 836 2266 De
857 2229 1033 2272 scientiis,
1055 2228 1119 2266 ed.
1142 2228 1312 2271 Alonso,
1334 2229 1495 2266 128-29:
1518 2228 1677 2265 ''Tertio
1700 2240 1798 2265 vero
1822 2240 1916 2278 pars

106 2284 313 2333 [scientiae
331 2284 511 2333 divinae]
532 2287 699 2336 inquirit
716 2285 769 2322 de
786 2287 984 2328 essentiis,
1001 2297 1083 2336 que
1099 2297 1174 2322 nec
1191 2290 1287 2322 sunt
1304 2297 1490 2336 corpora,
1508 2297 1582 2322 nec
1601 2286 1641 2321 in
1658 2284 1914 2335 corporibus.

104 2341 165 2379 De
182 2341 336 2392 quibus
355 2343 396 2379 in
416 2343 560 2392 primis
579 2344 758 2392 inquirit,
775 2354 829 2379 an
847 2344 927 2379 sint
945 2344 1130 2385 essentie,
1149 2354 1202 2379 an
1221 2354 1316 2379 non.
1337 2342 1381 2379 Et
1398 2341 1750 2379 demonstratione
1770 2340 1916 2391 probat

103 2397 219 2449 quod
237 2403 335 2436 sunt
351 2400 536 2436 essentie.
556 2397 716 2436 Deinde
734 2400 901 2449 inquirit
918 2398 971 2436 de
987 2400 1058 2441 eis,
1075 2411 1128 2435 an
1145 2400 1226 2435 sint
1245 2398 1396 2449 plures,
1412 2410 1465 2435 an
1484 2410 1579 2435 non.
1600 2398 1643 2435 Et
1661 2397 1916 2434 demonstrat

103 2454 219 2505 quod
236 2459 334 2492 sunt
350 2454 501 2506 plures.
520 2455 662 2492 Postea
681 2456 848 2506 inquirit
863 2467 916 2492 an
933 2456 1013 2492 sint
1030 2454 1155 2498 sinite,
1172 2467 1225 2492 an
1242 2467 1337 2492 non.
1356 2455 1400 2491 Et
1416 2454 1671 2491 demonstrat
1687 2453 1802 2504 quod
1820 2458 1917 2490 sunt

104 2510 230 2549 finite.
253 2510 414 2549 Deinde
437 2513 604 2562 inquirit
626 2524 679 2549 an
701 2510 868 2549 ordines
890 2524 1032 2549 earum
1057 2513 1097 2549 in
1122 2510 1371 2562 perfectione
1392 2523 1535 2548 earum
1558 2512 1638 2548 sint
1660 2509 1840 2561 equales,
1863 2523 1915 2547 an

104 2567 327 2619 inequales.
351 2568 396 2606 Et
417 2567 673 2605 demonstrat
694 2567 810 2619 quod
834 2567 1055 2619 inequales.
1080 2567 1240 2606 Deinde
1263 2567 1409 2619 probat
1431 2567 1546 2618 quod
1571 2569 1660 2618 ipse
1682 2566 1915 2604 secundum

104 2636 224 2662 suam
254 2624 563 2662 multitudinem
593 2630 769 2675 surgunt
798 2624 851 2662 de
880 2627 1039 2662 minore
1068 2624 1121 2662 ad
1153 2624 1436 2675 perfectiorem
1466 2630 1505 2661 et
1534 2623 1587 2661 ad
1619 2623 1916 2674 prefectiorem,

103 2692 326 2731 quousque
342 2682 589 2732 perveniunt
604 2680 658 2718 ad
676 2686 933 2732 postremum
950 2680 1190 2732 perfectum,
1206 2693 1291 2732 quo
1309 2680 1528 2731 perfectius
1545 2679 1645 2717 nihil
1662 2692 1752 2717 esse
1769 2684 1915 2730 potest,

103 2749 178 2774 nec
209 2739 250 2775 in
279 2749 370 2775 esse
400 2742 535 2788 potest
564 2739 601 2775 ei
630 2737 801 2788 aliquod
832 2737 976 2781 simile,
1006 2750 1080 2775 nec
1109 2737 1267 2788 equale,
1297 2749 1371 2774 nec
1400 2738 1664 2779 contrarium,
1693 2748 1915 2786 usquequo

104 2795 343 2844 pervenitur
364 2793 419 2831 ad
444 2795 639 2844 primum,
661 2805 746 2844 quo
770 2793 871 2831 nihil
895 2799 1030 2844 potest
1052 2806 1142 2831 esse
1166 2795 1293 2844 prius,
1316 2798 1355 2830 et
1378 2793 1431 2830 ad
1457 2792 1682 2844 precedens
1705 2804 1790 2842 quo
1814 2791 1914 2829 nihil

104 2854 240 2900 potest
253 2862 344 2887 esse
359 2851 491 2900 magis
507 2849 749 2900 procedens,
763 2855 803 2887 et
817 2849 870 2887 ad
886 2862 976 2887 esse
990 2849 1105 2900 quod
1123 2849 1378 2900 impossibile
1392 2854 1453 2887 est
1467 2849 1630 2899 adquiri
1646 2848 1699 2885 ab
1713 2848 1791 2885 alia
1808 2861 1862 2890 re;
1877 2853 1916 2884 et

103 2904 219 2955 quod
239 2904 342 2942 illud
361 2917 451 2942 esse
468 2910 529 2942 est
547 2918 680 2942 unum
698 2905 898 2948 absolute,
917 2905 1142 2956 precedens
1159 2911 1198 2943 et
1217 2904 1437 2956 primum.''

163 2962 316 2998 120-33
333 2961 538 3004 Aristotle,
554 2961 812 3012 Metaphysics
830 2961 1110 2999 1007a33-b18
1129 2961 1363 3011 (Aristoteles
1382 2961 1537 2998 Latinus
1555 2960 1849 3008 25.2.69.1-19),·
1866 2958 1915 2996 cf.

104 3015 216 3054 idem
228 3017 558 3054 993230-994b31
576 3017 637 3067 (A.
653 3017 689 3054 L.
702 3017 1057 3067 25.2.36.2-39.24).
1071 3018 1294 3060 Avicenna,
1308 3016 1541 3067 Philosophia
1552 3017 1673 3066 prima
1685 3016 1742 3052 8.1
1762 3016 1915 3065 (2376-

103 3072 182 3121 81).
198 3073 274 3110 See
291 3085 373 3110 van
391 3072 513 3110 Riet's
530 3072 699 3116 edition,
717 3065 931 3111 1.164'-66‘
948 3073 1013 3111 for
1030 3076 1208 3111 variants
1227 3073 1334 3111 from
1352 3086 1375 3110 a
1395 3074 1649 3122 manuscript
1667 3071 1791 3108 dated
1810 3073 1914 3108 circa
