2158 3366
274 310 325 335 110

274 642 325 667 115

272 976 324 1002 120

271 1313 323 1338 125

271 1647 322 1672 130

270 1982 322 2007 135

269 2318 321 2343 140

269 2655 320 2679 145

388 160 446 201 62
582 168 770 202 SERIUM
792 169 1097 202 SENECTUTIS

387 293 791 350 temporaliterque
820 293 1045 335 duraturo
1073 308 1262 336 causam
1291 294 1421 336 dedit
1448 295 1600 337 edicto
1628 295 1756 352 quod
1786 310 1874 338 suo
1901 296 2070 339 scilicet

387 360 668 416 quicumque
686 359 1064 417 condicionisque
1083 361 1308 417 cuiusque
1326 361 1426 403 Deo
1446 361 1719 404 maledicere
1737 364 2069 419 presumpserit

386 426 543 475 homo,
579 426 784 469 verboue
819 440 993 469 nomen
1027 428 1114 469 Dei
1148 441 1271 470 vano
1307 427 1626 484 blasphemare
1660 428 1736 471 vel
1771 429 2069 486 stultiloquio,

386 492 543 534 federe
565 492 774 535 fatalitati
797 492 1054 535 destinatus
1076 493 1173 535 fato
1195 493 1414 550 fungatur
1436 494 1736 550 lapidacionis
1758 496 1807 537 in
1827 495 2069 552 supplicio,

387 573 623 616 penasque
642 559 817 616 pendat
837 573 992 601 amare
1011 561 1172 602 mortis
1193 561 1241 602 in
1259 561 1554 617 improperio.

450 625 522 679 [7.]
544 626 922 682 Verumptamen,
957 640 1052 682 quo
1088 631 1243 668 tamen
1277 626 1406 669 salua
1442 628 1614 669 summi
1648 628 1851 670 numinis
1886 641 2070 685 semper

386 692 615 734 labiorum
629 692 838 735 laxentur
851 692 1029 735 habene
1043 694 1318 743 reuerencia,
1332 693 1471 736 michi
1488 693 1711 750 (fortassis
1726 695 1775 737 in
1787 694 1874 737 hoc
1889 694 2069 738 exfron-

386 764 454 801 ter
477 759 698 801 infrunito
722 774 818 801 non
840 761 995 801 minus
1018 774 1160 816 quam
1184 760 1565 802 subsannabiliter
1588 753 1848 818 infatuato¹)
1873 762 1983 804 satis
2007 761 2068 804 ad

386 826 671 868 ammirabile
707 826 830 868 cedit
867 831 912 869 et
950 826 1011 869 ad
1049 826 1379 869 admirandum
1416 827 1543 884 quod
1582 841 1766 870 summa
1803 829 2069 886 sinceraque

385 892 565 935 bonitas
587 898 632 935 et
652 893 877 943 absoluta,
897 893 1301 950 misericordieque
1321 893 1426 936 fons
1446 894 1714 937 indeficiens
1734 900 1780 937 et
1799 895 1930 952 origo
1949 895 2068 952 iugis

386 961 822 1017 antonomasiceque
844 962 1146 1010 maiestatiua,
1169 966 1263 1003 tam
1285 960 1439 1003 faciles
1461 967 1506 1003 et
1528 961 1860 1018 perfunctorias
1882 967 2069 1019 tamque

386 1028 668 1070 transitorias
682 1032 728 1070 et
741 1042 886 1070 vanas
899 1027 1106 1070 verbales
1121 1027 1395 1070 cruciatibus
1410 1028 1529 1070 adeo
1544 1028 1761 1085 grauibus
1775 1034 1820 1071 et
1833 1029 2068 1086 exquisitis

385 1095 671 1137 vlciscendas
689 1109 791 1137 esse
809 1096 929 1137 serio
946 1096 1173 1137 censuerit
1191 1096 1393 1145 iniurias,
1412 1101 1598 1152 tamque
1615 1096 1835 1153 speciales
1852 1101 1898 1139 et
1915 1097 2069 1139 inexo-

385 1162 549 1204 rabiles
563 1176 646 1219 per
658 1176 802 1219 penas
815 1162 1067 1205 edictaliter
1079 1164 1234 1219 puniri
1246 1164 1499 1220 preceperit
1511 1164 1744 1220 expiariue
1756 1177 1839 1220 per
1851 1163 2068 1221 penalita—

386 1234 466 1271 tes.
482 1230 724 1271 Presertim
739 1243 847 1271 cum
863 1229 1098 1286 genialiter
1113 1229 1264 1272 leuem
1293 1230 1300 1286 Ι
1314 1229 1356 1272 7¹
1370 1231 1376 1286 Ι
1404 1230 1526 1286 ligue
1541 1230 1828 1273 labiorumue
1843 1230 2068 1273 lubricita-

385 1301 480 1338 tem
514 1295 645 1338 facile
680 1296 863 1338 mobilis
898 1297 1044 1338 eciam
1080 1296 1340 1338 sublunaris
1375 1296 1518 1339 homo
1552 1298 1804 1354 promereri
1838 1298 2067 1340 rarissime

384 1368 567 1404 censeat
578 1377 762 1419 penam,
773 1377 995 1419 parereue
1006 1363 1231 1420 puniendi
1242 1377 1525 1420 quemquam
1536 1364 1756 1420 penaliter
1766 1365 2068 1414 occasionem,

384 1443 479 1486 quo
490 1429 698 1471 verbales
712 1430 1001 1486 imperatoris
1015 1431 1195 1487 imperii
1208 1430 1519 1486 temporaliter
1531 1430 1704 1472 licentis
1717 1430 2068 1488 humaniterque

385 1495 640 1538 deficientis
663 1496 723 1538 ad
746 1496 794 1538 id
817 1497 866 1538 in
886 1502 1212 1553 argumentum
1233 1502 1476 1539 sumantur
1497 1498 1776 1539 asserciones
1798 1511 1894 1539 non
1913 1497 2066 1540 minus

384 1577 526 1620 quam
545 1563 837 1620 benignitatis
858 1564 906 1605 in
923 1564 1184 1606 coniectura
1203 1563 1607 1606 commendabiles.

449 1630 519 1684 [8.]
542 1631 621 1673 Ait
647 1631 784 1673 enim:
811 1631 858 1673 Si
884 1631 988 1687 quis
1015 1630 1243 1673 modestie
1270 1632 1451 1673 nescius
1479 1631 1672 1688 pudoris
1699 1636 1744 1673 et
1771 1632 1956 1688 ignarus
1984 1631 2068 1674 im-

384 1697 532 1754 probo
550 1697 866 1754 petulantique
883 1697 1130 1740 maledicto
1147 1699 1335 1740 nomina
1353 1703 1509 1740 nostra
1525 1698 1770 1740 crediderit
1787 1697 2068 1748 lacescenda,

384 1764 719 1806 temulenciaue
752 1764 1043 1806 turbulentus
1077 1765 1351 1807 obtrectator
1384 1766 1593 1821 ipsorum
1626 1764 1775 1814 fuerit,
1807 1779 1917 1807 eum
1949 1778 2068 1821 pene

383 1830 602 1873 volumus
639 1831 874 1873 subiacere
911 1845 1061 1888 neque
1098 1831 1271 1873 durum
1307 1831 1420 1888 quid
1457 1846 1540 1873 nec
1576 1846 1794 1888 asperum
1829 1832 2066 1874 sustinere.

383 1898 618 1949 Quoniam
635 1899 674 1940 si
691 1898 887 1940 lenitatis
904 1898 952 1940 id
970 1913 1024 1940 ex
1042 1898 1255 1940 facilitate
1271 1899 1556 1955 processerit,
1572 1898 2011 1956 contempnendum5
2027 1899 2067 1940 si

383 1979 496 2007 uero
509 1964 677 2007 furoris
690 1980 745 2008 ex
758 1966 950 2022 impetu,
962 1966 1261 2008 miseracione
1274 1965 1613 2023 dignissimum;
1625 1965 1856 2023 siquidem
1867 1966 2067 2022 contige-

383 2033 440 2075 rit
452 2047 507 2075 ex
521 2033 699 2083 iniuria,
712 2032 908 2090 benigne
921 2033 1263 2075 remittendum.
1276 2034 1640 2090 Verumptamen
1651 2033 1867 2076 omnibus
1879 2033 2066 2090 integris

383 2100 443 2142 ad
459 2106 666 2142 nostram
682 2101 919 2142 scientiam
935 2114 1033 2142 rem
1049 2100 1205 2143 referri
1220 2100 1447 2150 iubemus,
1462 2106 1514 2142 ut
1528 2114 1582 2142 ex
1598 2101 1806 2157 personis
1822 2100 2065 2143 hominum

384 2166 505 2209 dicta
526 2181 776 2224 pensemus
796 2172 841 2209 et
861 2182 922 2209 an
940 2168 1211 2224 pretermitti
1231 2167 1396 2210 debeat
1416 2182 1476 2209 an
1494 2168 1656 2224 exequi
1675 2181 1958 2210 censeamus.

447 2234 518 2289 [9.]
540 2235 611 2277 Sic
628 2235 796 2291 itaque,
813 2249 888 2277 me
905 2234 1071 2284 iudice,
1088 2249 1331 2292 perperam
1348 2234 1465 2277 forte
1482 2235 1684 2277 veritatis
1701 2249 1728 2276 a
1744 2235 1820 2277 via
1838 2234 2065 2284 deviante,

382 2316 478 2344 non
500 2307 569 2344 est
592 2303 784 2344 omnino
805 2302 1053 2344 verisimile
1077 2303 1382 2344 sinceritatiue
1405 2303 1598 2344 racionis
1622 2301 1914 2344 adlaterabile
1936 2301 2064 2358 quod

382 2370 546 2411 iniurie
558 2375 653 2411 tam
666 2369 810 2411 facilis
823 2374 1011 2426 tamque
1022 2369 1377 2426 contemptibilis
1390 2369 1511 2411 ulcio
1523 2369 1733 2419 verbalis,
1745 2369 2065 2426 sentenciaque

383 2442 478 2478 tam
494 2451 686 2493 preceps
702 2436 1045 2493 edictaliterque
1062 2442 1156 2478 tam
1172 2437 1347 2493 precisa
1363 2442 1549 2493 tamque
1564 2436 1762 2478 crudelis
1777 2441 1822 2478 et
1837 2437 2065 2478 inconcin-

382 2518 455 2553 na,
478 2518 662 2546 summe
685 2504 951 2560 sincereque
974 2504 1155 2560 pietatis
1179 2504 1297 2560 iugis
1320 2509 1364 2546 et
1388 2503 1700 2546 misericordie
1722 2503 2065 2560 scaturiginum,

382 2570 521 2612 fontis
537 2576 581 2613 et
596 2570 865 2613 inexhauste
880 2571 1191 2613 miseracionis
1206 2576 1250 2613 et
1265 2570 1512 2620 infinibilis,
1526 2576 1722 2627 patrono
1736 2570 2007 2627 processerit
2019 2575 2064 2612 et

382 2639 706 2687 examinatore,
719 2639 960 2695 presertim
972 2652 1080 2680 cum
1094 2637 1306 2680 demonis
1319 2639 1377 2680 sit
1389 2652 1484 2680 non
1496 2637 1676 2680 deitatis
1690 2637 1880 2680 humani
1893 2636 2064 2694 gaude-

382 2719 430 2747 re
450 2705 524 2747 vel
545 2705 760 2748 delectari
780 2705 840 2747 de
860 2706 1065 2762 saguinis
1085 2705 1324 2748 effusione.

446 2772 545 2826 [10.]
568 2774 637 2815 De
652 2778 817 2822 cetero,
832 2774 965 2829 quasi
979 2772 1200 2829 wlgarem
1215 2774 1341 2815 venit
1356 2773 1501 2814 eciam
1516 2772 1867 2829 quampluribus
1883 2771 1943 2814 ad
1958 2785 2064 2828 cog-

382 2840 610 2882 nicionem
623 2839 848 2897 populare
874 2841 880 2897 Ι
895 2839 942 2882 7v
956 2841 963 2897 Ι
987 2854 1198 2882 murmur
1210 2839 1587 2896 subsequensque
1598 2839 1800 2881 vindicta
1813 2839 2062 2881 murmuris

382 2921 408 2949 a
425 2912 582 2949 monte
599 2908 737 2964 Synai
754 2908 893 2949 trium
909 2908 986 2949 via
1004 2907 1186 2949 dierum
1202 2906 1704 2963 comproficiscencium
1720 2906 2063 2962 continuatique

454 3106 465 3128 ¹
484 3112 677 3156 infatuato]
696 3112 927 3147 infatuat<e>
944 3113 979 3153 S,
995 3112 1173 3146 infatuata
1190 3111 1228 3146 8⁶
