2132 3346
265 971 316 996 240

265 1306 315 1331 245

264 2312 315 2337 260

378 152 468 194 210
604 161 792 194 SERIUM
813 161 1119 195 SENECTUTIS

378 285 619 327 salubriter
655 285 929 342 preelegeris
967 285 1484 342 commendabiliterque
1521 300 1696 342 sapere,
1731 291 1783 328 vt
1818 287 1964 329 eciam
2001 286 2060 329 ab

377 353 676 394 vniuersitate
688 353 1044 394 conviuencium
1058 352 1147 394 sub
1160 351 1257 395 sole
1271 353 1435 395 merito
1449 352 1724 395 secernibilis
1738 367 1839 395 esse
1852 367 2060 395 commu-

377 420 495 461 niter
515 419 573 461 ab
593 419 810 461 omnibus
830 419 1257 476 inexorabiliterque
1277 419 1491 461 iudiceris
1511 419 1767 461 eternaliter
1786 420 2060 476 ignominio-

378 499 458 528 sus
478 485 804 543 infernalisque
822 487 1117 543 perpetuitati
1135 485 1393 543 penalitatis
1412 485 1667 528 indubitate
1686 485 2059 543 debitissimeque

378 544 666 603 destinatus,1
684 552 830 595 libens
846 558 892 595 et
907 553 1146 595 ultroneus
1163 554 1316 595 anime
1331 553 1647 610 perpetuitatis
1664 558 1709 594 et
1725 552 2060 595 inmortalitatis

378 619 580 662 humane
599 625 815 662 constans
834 625 879 662 et
898 625 1110 670 assertor,
1129 619 1424 662 sciencialiter
1441 625 1486 662 et
1505 619 1737 662 indubius.
1756 620 1825 662 Sis
1844 620 2003 670 eciam,
2021 620 2061 662 si

377 687 536 729 viuere
555 686 758 729 volueris
779 692 824 729 et
844 686 916 729 hic
940 686 1005 742 (in
1024 686 1181 728 medio
1201 686 1431 742 videlicet)
1453 692 1497 728 et
1517 685 1830 728 indeficienter
1849 685 2061 743 indemp-

378 755 463 803 nis,
477 753 668 796 vlterius
683 754 723 796 si
737 768 848 796 sane
862 753 1194 810 salubriterque
1209 753 1290 795 tibi
1304 767 1465 810 sapere
1479 754 1725 803 curaueris,
1739 752 1884 796 libens
1898 752 2061 796 adora-

378 826 450 863 tor
476 820 894 877 inuariabiliterque
919 821 1167 862 continuus
1194 821 1280 862 Dei
1306 820 1547 862 dumtaxat
1572 821 1709 862 vnius
1736 819 2061 877 professorque

378 893 675 944 spontaneus.
687 888 786 929 Nec
798 887 1117 928 indissolubile
1129 887 1431 928 multominus
1444 901 1554 928 sane
1565 887 1913 928 continuacione
1923 886 2060 943 longe

378 955 614 996 remissius
644 955 762 995 inter
790 954 994 995 animam
1023 953 1289 1010 liguamque
1319 953 1453 1009 (sicut
1482 954 1591 995 satis
1620 958 1665 995 et
1694 953 1755 995 ad
1784 953 2059 995 habundans

377 1021 523 1062 eciam
544 1020 1044 1077 premencionauimus)
1067 1020 1442 1062 indissolubiliter
1463 1020 1808 1062 obseruandum
1827 1033 2061 1062 commen-

378 1087 490 1130 dare
522 1088 628 1130 nisu
662 1092 936 1144 perpetuato
970 1101 1135 1144 pergas
1169 1092 1213 1129 et
1247 1086 1503 1143 approbare
1536 1088 1668 1143 quasi
1701 1087 2060 1136 matrimonium,

378 1155 758 1211 perpetuitatisue
785 1154 1134 1196 matrimonialis
1163 1154 1464 1196 intellectuale
1490 1155 1833 1203 commercium,
1860 1167 1954 1210 quo
1982 1159 2060 1195 tue

378 1221 551 1278 tibique
587 1222 944 1264 conuiuencium
981 1221 1228 1263 bellissime
1266 1220 1479 1277 proficias
1517 1221 1712 1270 utilitati,
1747 1221 1975 1263 continuis
2013 1221 2061 1263 in

378 1289 795 1346 approbacionibus
808 1288 1222 1345 dilectionibusque
1233 1288 1569 1337 medianorum,
1580 1288 1663 1330 sed
1675 1293 1720 1330 et
1730 1301 1969 1330 summum
1980 1287 2060 1330 tibi

378 1356 525 1399 taliter
543 1356 751 1399 viuendo
771 1356 1051 1398 saluatorem
1072 1357 1171 1412 spei
1191 1355 1463 1398 certitudine
1483 1357 1598 1397 scias
1619 1355 1831 1412 factoque
1850 1354 2060 1411 frequen-

377 1424 475 1466 cius
495 1424 672 1466 sencias
692 1437 793 1466 esse
814 1423 1134 1480 propiciatum.

442 1490 541 1544 [15.]
564 1490 948 1532 Commendabile
957 1490 1149 1546 quidem
1159 1490 1504 1546 plurimumque
1513 1489 1940 1531 commendandum
1949 1502 2060 1530 sane

377 1562 589 1599 censetur
615 1571 716 1599 esse
743 1557 1092 1599 matrimonium
1119 1556 1367 1598 duraturos
1394 1557 1442 1598 in
1468 1561 1745 1612 perpetuum
1772 1545 2060 1612 paraturum²

377 1629 568 1680 questus
586 1623 1006 1680 perfunctoriorum
1023 1623 1207 1665 leuitate
1223 1624 1451 1665 succincta
1469 1622 1690 1665 laborum.
1708 1623 1882 1664 Reuera
1898 1621 2060 1664 felicis-

378 1692 494 1733 sime
512 1705 599 1733 suo
617 1705 824 1747 sanoque
842 1691 945 1747 quis
964 1690 1165 1732 ancillari
1182 1691 1387 1732 seruiens
1406 1695 1597 1731 conatur
1613 1690 1854 1731 conamine
1871 1688 2061 1746 prelato,

377 1759 457 1815 qui
474 1758 577 1800 licet
595 1758 807 1815 adprime
824 1748 1019 1800 laborat³
1036 1757 1430 1814 contemplacione
1447 1758 1627 1799 seruicii
1645 1756 1915 1805 dominanti,
1932 1755 2060 1798 deni-

377 1839 468 1882 que
489 1825 753 1882 congaudet
776 1825 1058 1867 dominantis
1082 1826 1130 1867 in
1152 1824 1337 1881 gaudio.
1360 1825 1549 1880 Semper
1571 1825 1716 1866 eciam
1738 1823 1800 1865 ibi
1822 1822 2060 1865 fructuoso

377 1894 530 1949 quiuis
561 1892 779 1934 ancillans
809 1892 1017 1934 munifici
1047 1892 1317 1948 dignissime
1359 1891 1475 1947 157“Ἰ
1517 1891 1695 1932 domini
1723 1891 1947 1932 cariturus
1976 1890 2060 1931 erit

377 1959 615 2016 obsequio,
651 1960 731 2016 qui
767 1973 854 2001 suo
891 1959 1008 2000 dum
1044 1960 1186 2000 seruit
1222 1963 1475 2015 spontanee
1511 1958 1735 2014 segnescit
1770 1958 1818 1999 in
1852 1957 2060 2005 seruicio,

376 2026 586 2068 viliterue
621 2040 756 2068 suam
791 2040 879 2068 suo
915 2025 1068 2067 ledere
1103 2025 1249 2067 fidem
1285 2025 1477 2067 domino
1513 2038 1607 2066 non
1641 2023 1978 2066 verecundatur
2013 2023 2061 2065 in

377 2093 637 2135 ancillando
657 2094 923 2135 ministerio.
942 2092 1124 2149 ngare
1143 2092 1334 2149 quidem
1354 2091 1679 2148 triuialiterque
1699 2092 1856 2132 tritum
1874 2095 1919 2132 et
1937 2103 2059 2132 nunc

377 2166 459 2210 est,
476 2160 563 2203 fuit
579 2166 624 2203 et
642 2162 690 2203 in
705 2160 803 2202 vdo
821 2160 1018 2217 pridem,
1035 2160 1163 2216 quod
1182 2159 1316 2202 firma
1333 2159 1576 2201 vei-naliter
1593 2158 1844 2200 ancillantis
1861 2157 2059 2200 fidelitas

377 2242 472 2270 non
489 2227 854 2285 interpolataque
872 2226 1024 2269 fidelis
1043 2228 1091 2269 in
1108 2226 1358 2269 exibicione
1376 2227 1556 2268 seruicii
1574 2226 1862 2282 pertinacitas
1881 2223 2060 2281 ingredi

378 2295 660 2337 dominantis
675 2295 723 2337 in
738 2294 964 2351 gaudium
979 2295 1196 2336 seruienti
1210 2294 1396 2336 semitas
1412 2307 1656 2350 procurare
1672 2297 1863 2349 pergant
1877 2297 2060 2333 stratas-

377 2376 467 2419 que
487 2363 841 2419 patentissimas.

929 2534 1087 2582 LIBER
1110 2531 1512 2582 DUODECIMUS⁴

377 2676 460 2718 Uir
479 2690 676 2718 renuens
697 2689 803 2718 reus
823 2675 975 2717 omnis
996 2675 1079 2717 erit
1098 2679 1388 2731 contemptor
1408 2674 1554 2715 inanis

377 2744 486 2786 Esse
506 2744 591 2786 Dei
612 2743 728 2785 dum
749 2742 882 2799 plura
902 2742 1031 2785 rudis
1053 2741 1138 2784 sibi
1158 2742 1348 2784 numina
1368 2741 1528 2798 querit,

451 2932 462 2954 ¹
479 2937 495 2971 1
511 2941 683 2982 transpose
698 2942 738 2970 vt
755 2963 762 2970 .
778 2963 785 2970 .
800 2963 807 2970 .
824 2935 1042 2975 destinatus,
1057 2935 1164 2969 which
1182 2936 1204 2969 S
1222 2934 1329 2981 copies
1345 2934 1449 2980 before
1463 2934 1519 2968 Sis
1537 2933 1687 2974 (11.235)

450 2988 464 3010 ²
480 3003 609 3039 parare
625 2994 648 3027 S

450 3043 464 3065 ³
481 3049 652 3084 laboriosi
670 3050 693 3083 S

450 3099 464 3122 ⁴
480 3107 508 3140 R
525 3106 585 3140 del.
601 3105 774 3151 Sequitur
789 3104 894 3151 before
910 3105 1016 3138 Liber
1031 3104 1278 3138 duodecimus
