2132 3346
247 360 298 384 110

246 694 298 719 115

246 1030 259 1054 1
264 1029 297 1054 20

246 1363 297 1389 125

246 1700 297 1724 130

246 2034 296 2059 135

246 2372 297 2396 140

246 2709 296 2733 145

360 145 419 186 82
556 152 743 186 SERIUM
765 152 1070 186 SENECTUTIS

424 277 496 330 [7.]
518 278 692 318 Verum
719 278 828 333 quia
854 277 959 318 vilis
986 277 1265 333 vilitatisque
1291 278 1729 320 consuetudinaliter
1755 284 1824 320 est
1851 292 2044 335 esseque

360 348 481 384 retro
503 344 747 384 consueuit
767 343 871 384 vilis
894 344 942 384 in
962 344 1135 384 vicium
1156 343 1322 385 cadere
1343 343 1504 385 leuiter
1525 344 1877 400 ingratitudinis,
1898 346 2044 386 eciam

359 409 666 451 Tholomeum
686 409 835 465 (cuius
854 410 1186 451 commenticiis
1205 409 1498 465 consiliisque
1516 424 1611 451 non
1629 411 1782 452 minus
1801 416 1846 452 et
1865 410 2042 452 auxiliis

359 477 485 532 Syrie
499 475 586 517 fuit
600 477 648 517 in
660 489 857 532 regnum
870 475 1182 531 subornatus),
1196 490 1351 517 rerum
1365 490 1580 518 successu
1595 478 1832 518 temerarie
1847 482 2044 526 tumens,

360 543 595 600 aspernari
610 543 731 599 cepit
746 542 1087 599 insolenciaque
1103 542 1300 599 superbe
1315 544 1735 600 contumaciterque
1749 549 2044 601 contempne-

360 624 420 652 re.
441 611 615 652 Verum
635 610 930 659 Tholomeus,
949 609 1248 652 consiliorum
1268 610 1592 652 subtilitatibus
1613 616 2044 653 commentorumue

360 677 641 734 profectibus
653 677 766 719 haut
777 677 930 719 adhuc
942 678 1134 719 omnino
1145 677 1406 727 destitutus,
1417 677 1750 720 Allexandrum
1762 691 1904 735 regno
1914 678 2042 735 quod

360 758 445 786 sua
474 758 570 786 non
599 745 753 786 minus
784 744 1033 786 subtilitate
1062 758 1204 801 quam
1234 744 1465 801 suffragiis
1496 745 1766 801 acquisierat
1796 745 2044 787 destituere

360 812 556 853 summis
596 812 791 853 instituit
830 811 998 868 opibus
1037 811 1318 868 cautelisque
1357 811 1724 868 sompniculosis.
1764 812 2044 854 Transmittit

360 879 498 934 igitur
531 878 631 920 illac
664 879 865 935 Gripum
898 883 1117 934 nepotem
1151 892 1290 920 suum
1323 879 1519 920 summis
1552 879 1904 935 ingentibusque
1935 892 2044 921 cum

359 946 519 1001 copiis,
543 946 677 1001 eique
703 959 838 987 suam
863 945 949 987 sibi
974 945 1118 987 filiam
1143 945 1295 987 verbis
1321 945 1560 1002 pollicetur
1585 951 1791 1002 patenter
1815 946 2042 1002 expressis

360 1012 755 1054 matrimonialiter
768 1011 1207 1068 indiuidualiterque
1221 1012 1503 1061 sociandam,
1517 1027 1611 1069 quo
1624 1013 1750 1069 Syrie
1763 1013 1828 1054 sic
1842 1012 2043 1069 populos

359 1080 408 1120 in
435 1079 657 1120 auxilium
685 1079 867 1135 nepotis
895 1079 1000 1120 belli
1028 1093 1123 1120 non
1150 1084 1329 1120 tantum
1357 1080 1586 1120 societate·
1599 1079 1820 1127 sollicitet,
1847 1093 1932 1121 sua
1959 1079 2042 1120 sed

360 1145 582 1187 affinitate
603 1146 807 1202 saguinis
828 1146 974 1187 eciam
994 1146 1237 1187 coniuncta
1256 1159 1364 1187 cum
1385 1146 1736 1201 propinquitate.
1758 1146 1856 1187 Nec
1875 1159 1960 1187 sua
1980 1146 2043 1187 sic

360 1218 664 1269 preconcepta
682 1226 889 1268 congruo
906 1213 1167 1253 coniectura
1185 1212 1290 1253 finis
1309 1212 1394 1253 fuit
1412 1212 1579 1253 effectu
1598 1212 1798 1268 denique
1815 1212 2041 1254 frustrata.

359 1280 575 1336 Namque
599 1294 707 1321 cum
731 1280 930 1336 Gripum
954 1279 1054 1335 Syri
1079 1279 1225 1321 taliter
1249 1293 1410 1321 omnes
1436 1280 1709 1321 instructum
1734 1280 1869 1321 tantis
1894 1279 2044 1335 Egipti

358 1347 534 1389 viribus
555 1346 780 1396 viderent,
801 1346 1025 1403 paulatim
1046 1360 1130 1388 sua
1151 1346 1237 1388 sibi
1258 1351 1423 1403 sponte
1443 1346 1733 1388 consulentes
1755 1346 1813 1388 ab
1832 1346 2043 1388 Allexan—

360 1414 446 1456 dro
462 1428 692 1456 consensu
708 1415 841 1471 quasi
856 1414 1153 1456 confederato
1169 1415 1406 1456 communi
1422 1413 1641 1456 defecere.
1658 1414 1722 1456 Fit
1739 1415 1855 1456 inter
1869 1414 2043 1455 invisos

360 1487 516 1524 tamen
532 1496 661 1539 reges
680 1481 870 1524 tandem
888 1481 1099 1538 prelium;
1116 1496 1209 1538 quo
1226 1482 1389 1530 victus,
1406 1481 1637 1538 vilemque
1653 1495 1815 1523 versus
1831 1481 2043 1523 Allexan-

360 1548 443 1591 der
463 1550 511 1591 in
530 1548 704 1605 fugam,
724 1548 929 1605 profugit
949 1548 1255 1590 Antiochiam.

424 1615 494 1670 [8.]
517 1615 607 1658 Sed
635 1617 771 1672 inops
799 1615 861 1658 ibi
888 1616 1163 1672 tempestiue
1190 1615 1276 1657 sibi
1303 1616 1456 1657 minus
1483 1615 1675 1657 effectus
1703 1616 1909 1672 pecunie,
1934 1628 2042 1657 cum

360 1682 513 1724 debita
529 1688 787 1724 castrorum
803 1682 862 1724 de
879 1697 1008 1724 more
1037 1682 1154 1738 114Ἴ
1182 1688 1437 1724 moraretur
1453 1682 1681 1738 stipendia
1698 1681 1816 1724 male
1831 1681 2044 1723 molesta-

360 1755 433 1791 tus
470 1749 637 1799 inedia,
671 1749 1028 1806 castraliumque
1063 1750 1460 1791 remuneraciones
1497 1749 1707 1791 laborum
1742 1748 2043 1790 turbulencia-

359 1831 524 1858 rumue
542 1816 687 1872 (quod
702 1816 887 1858 cuilibet
901 1822 970 1858 est
985 1816 1094 1858 duci
1109 1830 1326 1872 supreme
1341 1816 1667 1872 perniciosum)
1684 1815 1815 1857 ducis
1831 1829 1913 1871 per
1927 1814 2044 1856 indi-

360 1884 568 1939 genciam
589 1883 817 1932 deessent,
837 1897 862 1925 a
883 1883 1058 1939 templo
1078 1884 1199 1924 Iouis
1219 1897 1273 1924 ex
1294 1897 1408 1924 auro
1427 1882 1630 1924 solidum
1650 1883 1838 1924 victorie
1857 1883 2043 1937 signum

360 1950 456 1992 tolli
479 1951 695 2007 precepit,
719 1950 930 1992 vafreciis
954 1951 1255 2006 iocorumque
1277 1949 1470 1998 faceciis,
1495 1950 1732 1991 temeraria
1756 1949 1935 2005 tyranni
1958 1962 2043 2005 pro

358 2017 695 2059 consuetudine
713 2018 999 2073 Syracusani,
1018 2017 1307 2072 sacrilegium
1325 2016 1694 2058 circumscribere
1712 2029 1807 2057 non
1824 2015 2043 2057 formida-

359 2085 438 2126 uit.
457 2085 706 2126 Victoriam
724 2098 893 2140 nempe
912 2084 1092 2125 dicebat
1111 2098 1136 2125 a
1155 2085 1263 2125 Ioue
1281 2084 1367 2124 sibi
1385 2083 1527 2124 fuisse
1544 2083 1931 2131 commendatam,
1949 2096 2044 2123 non

359 2151 475 2193 bene
508 2165 677 2208 gnarus
709 2151 837 2208 quod
871 2151 957 2193 sibi
989 2151 1052 2192 sic
1085 2150 1344 2192 laciuiendo
1375 2150 1560 2192 fatalem
1592 2141 1923 2207 properauerit¹
1957 2148 2043 2191 sibi

359 2234 606 2276 procurare
644 2219 966 2261 confusionem
1004 2218 1140 2260 fatale
1178 2218 1387 2260 funditus
1427 2232 1508 2274 per
1545 2217 1731 2266 factum,
1769 2217 2042 2272 Iouialisque

359 2286 602 2328 ridiculam
637 2292 760 2328 tante
794 2286 1217 2328 commendacionis
1253 2299 1334 2342 per
1368 2286 1646 2327 iactanciam.
1683 2285 1840 2326 Paucis
1875 2297 2043 2340 nempe

359 2360 520 2411 postea
544 2354 708 2396 diebus
731 2355 989 2403 interiectis,
1011 2368 1118 2395 cum
1141 2354 1262 2395 Iouis
1285 2353 1398 2395 illud
1422 2367 1614 2395 aureum
1637 2352 1856 2409 ponderis
1879 2351 2043 2393 infiniti

359 2421 691 2464 simulachrum
713 2422 846 2463 tacite
868 2422 1146 2478 precepisset
1168 2420 1317 2470 auelli,
1339 2420 1654 2477 deprehensus
1675 2425 1719 2462 et
1741 2421 1788 2461 in
1807 2419 2044 2475 sacrilegio

359 2489 597 2546 popularis
614 2503 843 2531 concursu
860 2488 1169 2530 multitudinis
1186 2487 1347 2530 fuisset
1364 2487 1556 2536 infinito,
1573 2487 1712 2529 vilem
1729 2487 1978 2528 vilissimus
1996 2487 2044 2528 in

359 2556 519 2614 fugam
534 2571 696 2598 versus
712 2562 756 2598 et
772 2571 797 2598 a
812 2557 908 2598 suis
924 2556 1360 2613 ignominiosissime
1376 2555 1599 2604 desertus,
1614 2568 1872 2611 magnaque
1886 2553 2043 2595 subse-

359 2630 551 2681 quenter
574 2625 621 2666 vi
646 2625 931 2681 tempestatis
956 2637 1222 2680 oppressus,
1246 2624 1459 2679 Iouisque
1484 2622 1645 2664 diuino
1669 2623 1858 2664 numine
1882 2634 2042 2678 perpe-

360 2693 463 2733 trati
492 2693 756 2748 procuranti
786 2691 1019 2747 sacrelegii
1049 2691 1223 2747 penalis
1254 2695 1463 2747 potenter
1492 2690 1684 2731 ulcionis
1714 2690 2042 2736 inmanitatem,

360 2759 560 2815 denique
579 2765 742 2815 captus
762 2764 830 2800 est
851 2773 876 2800 a
897 2758 1149 2799 latronibus
1169 2763 1213 2799 et
1233 2757 1293 2799 ad
1312 2758 1510 2814 Gripum
1531 2756 1795 2813 perductus,
1815 2756 2043 2797 attrociter

359 2831 403 2867 et
422 2825 698 2867 interfectus.
717 2827 787 2867 Sic
806 2825 932 2867 fatali
950 2825 1105 2866 fatuus
1125 2826 1172 2866 in
1189 2830 1359 2866 euentu
1378 2824 1538 2865 didicit
1557 2823 1683 2879 quod
1704 2822 2041 2879 ingratitudinis

359 2894 407 2934 in
431 2894 552 2934 vicio
579 2893 732 2949 quiuis
759 2892 909 2934 viliter
934 2906 1084 2933 errare
1111 2897 1347 2948 presumat
1374 2891 1591 2947 ingratus,
1618 2889 1744 2946 quod
1773 2895 1816 2931 et
1843 2889 2041 2930 hominis

433 3091 443 3112 ¹
462 3097 710 3143 perperauerit
727 3098 750 3131 S
