2132 3346
251 412 303 437 310

250 746 302 771 315

250 1079 302 1104 320

249 1416 301 1441 325

249 1749 301 1773 330

248 2083 300 2109 335

365 129 454 170 136
591 137 778 171 SERIUM
799 137 1105 171 SENECTUTIS

364 261 501 304 fuerit
521 267 567 304 et
586 262 832 312 facundus,
852 277 879 305 a
899 262 1090 320 Cipride
1111 262 1361 313 deridetur,
1381 263 1430 305 id
1451 269 1520 306 est
1540 264 1599 306 ab
1619 264 1696 306 illo
1716 266 1796 322 qui
1816 266 2045 322 sapiencia

364 329 574 385 preditus
587 334 632 371 et
645 329 927 386 eloquencia,
939 329 1250 386 suppodiatus
1263 335 1308 372 et
1321 336 1390 372 est
1402 336 1608 387 utraque.
1622 332 1874 374 Puerorum
1886 345 2046 374 reuera

364 396 476 437 risui
504 395 633 438 nuda
661 410 757 438 non
784 402 892 438 sunt
921 396 1134 453 genitalia
1161 397 1339 446 Veneri,
1367 397 1536 439 scilicet
1563 399 1612 439 in
1638 398 1805 454 quibus
1833 398 2046 441 nondum

363 463 488 519 viget
507 468 783 504 moueturve
803 464 1020 519 pruritus.

428 528 527 583 [20.]
549 529 640 571 Sed
655 543 738 571 nec
753 529 883 579 illud,
897 535 949 572 ut
962 531 1183 579 coniecto,
1197 543 1282 572 sua
1296 530 1424 587 quod
1439 531 1556 572 inter
1569 532 1686 573 seria
1700 532 1831 588 ponit
1844 531 1971 574 idem
1985 531 2046 574 de

363 588 500 638 facili¹
522 596 822 652 pertransires
843 596 1193 653 irreprobatum,
1213 596 1341 653 quod
1362 596 1531 639 scilicet
1549 598 1821 647 Mercurius,
1839 597 2045 640 Phebum

363 662 552 704 feliciter
567 668 790 719 suggestu
805 663 996 705 Virtutis
1013 663 1238 712 aditurus,
1253 663 1488 705 volatilem
1503 664 1670 706 Virtuti
1684 665 1864 721 virgam
1879 665 2046 721 permi-

364 730 485 779 serit,
503 734 556 771 ut
574 743 734 771 secum
753 729 919 771 mundi
938 731 1093 786 penita
1112 743 1349 786 permeare
1368 744 1574 772 recessus
1593 736 1638 772 et
1656 731 1864 773 ethereos
1883 732 2046 773 irrum-

363 809 472 852 pere
494 796 627 852 parili
649 801 807 852 posset
828 796 1070 846 celeritate,
1091 796 1208 838 dum
1230 797 1326 838 suis
1348 798 1448 853 ipse
1470 797 1626 839 talaria
1647 803 1827 839 nectere
1847 797 2045 854 pedibus

363 863 512 919 pergit
527 854 775 919 argentea,²
789 867 1004 919 petasum
1018 862 1232 905 videlicet
1246 863 1479 905 alatumve
1493 863 1854 906 calciamentum.
1870 863 2046 906 Profec-

363 934 412 971 to
426 930 651 986 protinus,
664 934 717 971 ut
730 929 869 972 michi
882 929 1043 972 videre
1055 929 1232 980 videor,
1246 929 1307 972 ad
1320 929 1403 972 hec
1418 931 1647 987 aggarires
1660 931 1789 987 virge
1802 944 2046 1017 perperam

362 995 681 1038 volatilitatem
701 996 1092 1053 calciamentoque
1112 1011 1208 1038 non
1228 997 1381 1039 minus
1403 998 1802 1040 inconuenientem
1841 997 2046 1040 alatilita-

364 1067 471 1112 tem,
496 1068 719 1105 consueto
745 1068 875 1105 tuam
901 1068 979 1105 tue
1003 1064 1124 1105 vicio
1150 1064 1436 1120 procacitatis
1463 1065 1759 1106 incontinenti
1784 1064 2044 1121 detegendo

363 1129 746 1172 subsannabiliter
768 1131 1066 1187 impericiam,
1090 1130 1206 1172 dum
1242 1130 1359 1187 133V1
1393 1131 1541 1172 solam
1563 1136 1607 1172 te
1630 1131 1918 1173 derisibiliter
1937 1145 2045 1173 con-

363 1196 575 1254 templari
589 1196 957 1254 promptificares
972 1198 1036 1239 sic
1051 1198 1401 1239 enunciatorum
1415 1197 1720 1255 superficiem,
1733 1197 2045 1255 contemplan-

363 1264 567 1321 damque
578 1264 791 1307 subtilius
805 1265 947 1307 delire
958 1270 1309 1322 contempneres
1322 1270 1466 1307 totam
1478 1279 1589 1307 sane
1599 1265 2043 1322 subintelligendam.

362 1331 606 1374 Volatilem
619 1332 827 1389 profecto
838 1333 1019 1389 virgam
1032 1333 1319 1389 geminisque
1332 1332 1620 1389 serpentibus
1633 1347 1858 1376 annexam
1871 1332 2045 1390 peribe-

363 1404 437 1441 tur
453 1399 622 1441 habere
639 1399 874 1449 Cillenius,
892 1391 990 1456 qui⁴
1009 1400 1234 1441 sermonis
1252 1405 1297 1441 et
1314 1399 1579 1456 eloquencie
1595 1405 1806 1442 censetur
1823 1414 1850 1442 a
1866 1401 1984 1442 cecis
2001 1405 2046 1442 et

363 1480 390 1508 a
427 1466 609 1508 deitatis
647 1466 919 1523 indignitate
956 1466 1292 1508 cecucientibus
1330 1480 1431 1508 esse
1468 1467 1599 1516 deus,
1635 1467 2046 1524 commenticiaque

362 1533 567 1590 quadam
596 1533 894 1575 deificacione
923 1533 1179 1583 deificatus,
1206 1547 1347 1590 quam
1375 1534 1554 1590 virgam
1581 1534 1748 1576 Virtuti
1776 1533 1895 1590 (licet
1923 1539 1967 1576 et
1995 1533 2044 1576 id

363 1599 592 1642 absonum
626 1600 707 1642 tibi
739 1600 942 1656 videtur)
978 1614 1065 1642 suo
1099 1600 1159 1642 de
1193 1614 1322 1642 more
1356 1600 1587 1657 peribetur
1619 1601 1919 1650 commisisse,
1951 1614 2045 1657 quo

362 1672 543 1708 sensate
571 1667 849 1723 subintelligi
877 1667 1046 1709 debere
1073 1667 1324 1723 reliquatur
1350 1667 1478 1723 quod
1507 1667 1722 1709 facundie
1749 1681 1916 1716 sermo,
1942 1667 2045 1709 licet

362 1737 552 1774 ornatus
581 1747 664 1788 per
691 1747 741 1774 se
768 1732 845 1774 uel
872 1747 927 1774 ex
956 1747 1006 1774 se
1033 1747 1144 1789 sepe
1171 1734 1230 1774 sit
1257 1738 1302 1774 et
1329 1733 1492 1782 clarus,
1519 1734 1607 1774 nisi
1634 1733 1863 1789 sapiencie
1890 1738 2045 1774 tamen

362 1798 507 1855 modo
526 1799 794 1841 moderetur
812 1804 857 1841 et
875 1800 1045 1841 virtute
1062 1813 1210 1856 vagus
1230 1790 1634 1856 deprehendatur,⁵
1669 1799 1772 1842 vilis
1790 1805 1836 1842 et
1853 1800 1902 1842 in
1918 1800 2045 1841 vani-

362 1871 454 1907 tate
483 1867 698 1922 quamuis
729 1871 774 1908 et
804 1867 996 1908 omnino
1025 1880 1184 1908 carens
1215 1866 1419 1908 utilitate.
1450 1867 1641 1922 Uirgam
1671 1880 1830 1908 reuera
1859 1866 2045 1908 videtur

361 1932 529 1975 habere
564 1925 834 1990 Maiugena⁶
871 1947 1013 1990 quam
1049 1934 1216 1976 Virtuti
1251 1934 1537 1976 committere
1572 1933 1731 1976 crebro
1767 1933 2045 1976 mansuescit

361 2000 608 2042 volatilem.
641 2001 826 2057 Nempe
858 2001 946 2042 nisi
978 2014 1132 2042 sermo
1164 2000 1380 2042 facundie
1412 2005 1535 2042 recto
1567 2000 1787 2057 procedat
1819 2000 2044 2042 oracionis

362 2068 556 2117 tramite,
567 2072 786 2124 prompto
797 2068 1197 2124 pronunciacionis
1209 2068 1537 2124 pronuncietur
1547 2066 1716 2117 officio,
1725 2068 1797 2109 vis
1808 2066 2044 2123 allegacio-

361 2135 432 2177 nis
471 2134 531 2177 ad
570 2134 953 2192 persuadendum
989 2149 1085 2177 non
1122 2135 1359 2191 perueniet
1396 2135 1618 2191 apposite.
1656 2133 1862 2177 Volatilis
1898 2134 2044 2176 eciam

361 2203 579 2244 Mercurii
592 2202 760 2244 dicitur
771 2216 873 2244 esse
885 2203 1030 2259 virga,
1042 2202 1125 2244 sed
1139 2207 1184 2244 et
1196 2203 1296 2244 eius
1309 2202 1658 2244 calciamentum
1670 2201 1769 2244 fore
1781 2201 2045 2258 perhibetur

361 2269 549 2320 alatum,
566 2270 877 2327 talaribusque
894 2271 1113 2327 petasinis
1131 2284 1240 2312 eum
1257 2269 1356 2312 fore
1372 2269 1723 2320 velocificatum,
1739 2283 1834 2327 quo
1851 2269 1927 2312 uel
1943 2269 2042 2312 eius

361 2352 472 2380 sane
502 2337 816 2395 subintelligas
846 2337 1010 2380 sideris
1041 2337 1331 2387 celeritatem,
1360 2338 1645 2380 sermonisve
1675 2337 1750 2379 uel
1779 2337 2044 2394 eloquencie

360 2405 663 2447 velocitatem.

425 2471 525 2526 [21.]
547 2472 637 2514 Sed
665 2477 711 2514 et
738 2471 951 2514 eiusdem
977 2471 1175 2513 volatilis
1204 2471 1370 2513 eadem
1397 2472 1526 2527 virga
1555 2472 1747 2527 geminis
1775 2470 1874 2513 fore
1900 2470 2043 2512 fertur

361 2538 650 2595 serpentibus
671 2553 861 2588 annexa,
880 2553 975 2595 quo
994 2538 1134 2580 verba
1154 2538 1390 2580 rethorum
1409 2552 1519 2595 sepe
1538 2552 1770 2580 venenosa
1789 2537 2043 2580 rethorisue

361 2605 628 2648 facundiam
643 2611 825 2648 sensate
838 2605 1162 2662 contempleris
1178 2606 1470 2662 pungitiuam
1484 2605 1773 2662 frequencius
1788 2610 1832 2647 et
1847 2609 2041 2647 acutam.

434 2792 445 2814 ¹
463 2799 512 2833 de
528 2798 634 2833 facile
650 2800 674 2833 S

433 2848 447 2871 ²
463 2861 636 2902 argentea
653 2856 688 2896 S,
703 2865 814 2890 aurea
829 2855 1026 2889 Martianus

433 2905 448 2927 ³
463 2910 767 2945 inconuenienter
782 2911 806 2945 S

432 2962 447 2984 ⁴
462 2967 521 3001 cui
539 2968 562 3001 S

433 3016 447 3039 ⁵
463 3023 765 3070 deprehendetur
779 3024 803 3058 S

433 3073 447 3095 ⁶
463 3080 665 3126 Manigena
682 3081 705 3114 S
