2132 3346
253 740 304 765 260

252 1073 303 1098 265

251 1408 303 1433 270

251 1743 302 1768 275

251 2079 302 2104 280

250 2751 301 2777 290

367 122 425 163 90
562 130 750 164 SERIUM
771 130 1077 164 SENECTUTIS

366 259 497 296 uerat
516 259 569 296 ut
589 268 640 296 se
660 253 891 311 proficisci
911 255 1082 311 paratis
1104 254 1165 297 ad
1186 255 1483 297 moriendum
1502 269 1598 298 non
1616 255 1863 299 hesitarent
1883 258 2048 299 animis

367 321 722 377 animorumque
733 322 999 377 propositis,
1010 322 1167 378 sicque
1179 322 1276 363 suis
1288 321 1483 378 prandia
1495 322 1771 379 predederat
1781 323 1842 365 ad
1855 323 2049 380 prelian-

367 387 484 430 dum
513 387 787 444 profecturis
815 389 949 445 quasi
976 387 1127 430 forent
1156 388 1284 445 apud
1314 388 1484 430 inferos
1513 403 1805 446 nusquamue
1832 391 2048 432 cenaturi.

365 454 511 496 Simul
540 455 694 511 itaque
725 454 1058 511 subsequenter
1086 455 1362 497 vnanimiter
1391 456 1511 512 regis
1541 455 1602 498 ad
1632 457 1880 499 tentorium
1909 461 2051 499 ruunt

366 521 678 578 principaleue
695 522 964 578 pretorium,
980 536 1075 578 quo
1091 536 1200 564 cum
1216 536 1323 579 rege
1339 522 1379 564 si
1395 536 1616 579 prospere
1632 524 1953 579 pugnauerint,
1969 528 2050 566 aut

366 589 415 631 in
435 589 535 631 eius
559 589 857 645 potissimum
879 588 991 631 sede
1013 589 1190 638 ruituri,
1213 589 1253 631 si
1275 590 1429 631 minus
1452 595 1608 646 optate
1630 589 1780 632 forent
1802 590 2049 647 preliatum

366 647 491 698 totis¹
509 656 810 698 inconcinnus
827 669 854 698 e
869 656 1067 712 uestigio
1084 655 1311 698 tumultus
1328 656 1377 698 in
1391 657 1550 699 castris
1567 657 1779 699 exoritur.
1796 657 2049 714 Statimque

365 723 589 779 Spartani,
606 737 713 779 rege
730 737 827 765 non
842 723 1045 772 invento,
1062 737 1146 779 spe
1162 722 1366 765 frustrati
1382 723 1458 765 uel
1475 724 1524 766 in
1538 723 1625 766 hoc
1642 729 1687 766 et
1705 723 1951 774 desiderio,
1967 738 2051 781 per

366 791 523 832 omnia
537 795 685 832 castra
699 791 897 832 victores
912 795 1154 846 vagantur,
1167 789 1402 847 validique
1417 791 1719 833 castrensium
1733 796 2048 848 peremptores

365 856 551 906 cedunt,
579 861 882 913 sternuntque
911 856 998 898 sibi
1026 856 1227 913 quelibet
1255 856 1569 899 indifferenter
1597 857 1748 900 obuia.
1777 858 1889 900 Non
1915 871 2049 900 secus

365 937 507 979 quam
527 924 608 979 qui
627 937 677 965 se
697 924 864 965 scirent
883 937 980 965 non
998 937 1082 980 spe
1100 924 1291 965 victorie
1310 923 1394 965 sed
1414 938 1498 965 sue
1517 925 1679 980 pocius
1699 925 1823 966 necis
1842 925 1892 966 in
1908 924 2050 967 ulcio-

365 1003 474 1031 nem
492 994 560 1031 tot
577 989 788 1031 hostibus
806 989 1031 1032 hostiliter
1049 989 1248 1032 obviare.
1267 989 1380 1032 ffere
1398 991 1544 1032 noctis
1563 1004 1590 1032 a
1609 991 1834 1047 principio
1852 990 2050 1047 prelium

365 1056 687 1113 subsequentis
714 1061 784 1098 est
809 1057 858 1099 in
883 1061 1063 1113 partem
1089 1056 1182 1099 diei
1207 1057 1431 1099 maiorem
1456 1062 1751 1114 protractum.
1777 1058 1892 1099 Sunt
1916 1062 1962 1099 et
1987 1057 2048 1099 ad

365 1129 655 1180 postremum
675 1124 886 1180 Spartani
906 1138 1003 1166 non
1022 1125 1226 1181 superati
1246 1124 1330 1166 sed
1353 1124 1618 1181 superando
1639 1125 1703 1166 sic
1724 1123 1900 1181 fatigati
1919 1124 2048 1181 quod

365 1192 482 1233 inter
511 1192 719 1247 ingentes
748 1191 955 1233 hostium
984 1182 1212 1233 cateruas²
1242 1196 1337 1233 tam
1367 1196 1551 1233 strenue
1581 1196 1830 1234 stratorum
1857 1191 2048 1234 cedibus

365 1257 632 1300 occiderunt
652 1259 881 1300 exinaniti.

429 1324 528 1379 [16.]
550 1324 641 1366 Sed
657 1339 736 1366 rex
751 1325 928 1374 Xerses,
943 1324 1129 1366 duobus
1146 1325 1345 1366 terrestri
1361 1324 1506 1381 prelio
1521 1324 1770 1366 wlneribus
1785 1325 1985 1382 exceptis
2001 1325 2049 1367 in

365 1392 494 1433 terris
511 1391 800 1448 aliquatenus
817 1392 911 1433 iam
926 1391 1163 1441 confusus,
1179 1391 1466 1433 terrestribus
1484 1397 1528 1433 et
1545 1392 1593 1433 in
1607 1391 1849 1434 euentibus
1865 1392 2048 1434 varians

364 1463 409 1500 et
423 1459 588 1500 timore
601 1463 935 1508 consternatus,
948 1459 1136 1500 marinis
1151 1459 1346 1515 experiri
1359 1458 1593 1500 fortunam
1607 1459 1764 1500 statuit
1778 1459 1827 1501 in
1837 1472 2050 1515 congres-

365 1525 586 1575 sionibus,
596 1525 1001 1582 pusillanimorum
1011 1539 1141 1567 more
1152 1525 1534 1582 stolidorumque,
1543 1539 1744 1582 quorum
1754 1539 1938 1582 semper
1947 1539 2049 1567 esse

365 1593 608 1649 proprium
639 1593 762 1649 quis·
777 1593 784 1648 Ι
797 1591 874 1634 17v
888 1593 895 1648 Ι
908 1593 1012 1649 quis
1043 1593 1336 1634 veracissime
1368 1592 1532 1634 dixerit
1562 1592 1652 1634 alio
1682 1606 1852 1649 corpus
1882 1597 1928 1634 et
1958 1591 2048 1634 alio

364 1664 568 1701 mentem
593 1659 827 1709 diducere,
852 1659 1136 1716 distrahique
1158 1660 1312 1701 varios
1337 1660 1386 1701 in
1408 1660 1550 1701 animi
1572 1664 1728 1701 motus
1751 1659 2049 1716 corporisque

365 1731 521 1783 gestus
537 1727 586 1768 in
600 1725 825 1768 diuersos.
841 1725 979 1768 Unde
995 1727 1123 1783 prius
1138 1740 1280 1783 quam
1294 1725 1472 1768 naualis
1487 1726 1608 1768 ineat
1623 1725 1753 1783 prelii
1766 1725 2050 1782 congressio-

364 1807 460 1855 nes,
479 1793 596 1835 dum
615 1793 900 1850 dampnosas
920 1793 1006 1835 sibi
1025 1793 1297 1835 timidorum
1314 1807 1400 1849 pro
1418 1792 1753 1835 consuetudine
1770 1793 1919 1849 querit
1937 1792 2048 1834 odio

363 1859 470 1902 belli
483 1859 748 1909 dilaciones,
761 1865 1047 1902 armatorum
1059 1865 1258 1916 quatuor
1271 1859 1396 1901 milia
1410 1860 1534 1901 misit
1545 1859 1751 1916 Delphos
1765 1859 1826 1901 ad
1839 1858 2049 1915 Appolli-

363 1927 435 1968 nis
468 1926 696 1983 templum
728 1926 946 1983 sacrilege
979 1926 1263 1969 diruendum
1294 1926 1704 1983 manubialiterque
1736 1925 2048 1983 spoliandum,

364 1995 496 2051 quasi
529 1995 683 2036 minus
717 1993 804 2037 sibi
835 1993 1049 2036 sufficere
1082 2008 1310 2051 parumue
1341 1993 1576 2036 videretur
1607 1992 1765 2035 bellice
1797 1992 1907 2035 solis
1939 2006 2047 2035 cum

363 2062 521 2104 Grecis
553 2061 833 2104 contendere
863 2062 952 2104 nisi
984 2061 1057 2104 dis
1089 2061 1407 2104 inmortalibus
1439 2062 1584 2103 eciam
1615 2060 1733 2103 bella
1763 2065 2049 2118 presumeret

364 2129 633 2186 inequaliter
656 2129 835 2171 inferre.
859 2129 950 2171 Sed
974 2143 1031 2171 eo
1056 2143 1221 2171 manus
1245 2129 1612 2185 vniuersitasque
1636 2133 1744 2177 tota,
1769 2127 1946 2170 debitas
1971 2127 2048 2170 dei

365 2196 678 2238 destinacione
694 2196 925 2253 sacrilegis
943 2210 1087 2253 penas
1105 2195 1436 2253 preinssigente,
1452 2195 1722 2238 fulminibus
1739 2194 2048 2252 imbriumque

363 2263 590 2306 fluoribus
603 2263 888 2306 vlcionaliter
900 2263 1231 2305 invndantibus
1246 2264 1309 2305 sic
1323 2268 1392 2305 est
1405 2264 1613 2312 extincta,
1626 2262 1754 2320 quod
1768 2262 1856 2304 nisi
1869 2261 2049 2319 desipe-

364 2336 432 2373 ret
445 2332 542 2373 suis
556 2331 792 2373 exicialem
806 2345 889 2388 per
902 2336 1144 2388 expertum
1158 2344 1235 2373 rex
1250 2330 1499 2387 intelligere
1513 2335 1670 2387 posset
1683 2343 1824 2387 quam
1837 2328 1963 2372 nulla
1977 2329 2048 2379 sit,

363 2403 416 2440 ut
437 2403 482 2440 et
505 2399 568 2441 ait
591 2399 852 2455 antiquitas,
875 2398 1102 2440 aduersus
1125 2397 1389 2440 inmortales
1413 2397 1724 2440 contendendi
1747 2395 2048 2454 pugnandiue

364 2465 479 2508 deos
498 2465 744 2508 hominum
763 2465 852 2508 sub
871 2465 968 2508 sole
988 2467 1060 2508 uis
1080 2466 1311 2508 viriumue
1330 2464 1535 2508 facultas.

428 2533 527 2587 [17.]
550 2534 662 2575 Non
674 2538 831 2575 autem
845 2533 977 2582 deus,
990 2538 1043 2575 ut
1056 2547 1167 2589 sepe
1181 2532 1343 2575 delusa
1357 2532 1585 2574 diuinauit
1599 2532 1858 2588 antiquitas,
1870 2530 2048 2588 Appol-

364 2599 409 2642 lo
435 2599 601 2642 talibus
628 2601 677 2642 in
701 2599 872 2642 finibus
899 2599 1009 2642 solis
1035 2614 1120 2642 sue
1145 2599 1288 2642 finem
1313 2600 1469 2656 posuit
1495 2598 1702 2648 ulcionis,
1727 2597 1810 2640 sed
1837 2611 1894 2640 eo
1919 2598 2047 2640 >cersi

364 2681 608 2724 peruersos
627 2668 917 2724 pertinaciter
934 2672 1129 2709 euentus
1148 2671 1519 2723 preprocurante,
1538 2671 1786 2723 postquam
1804 2664 2046 2708 timiditate

363 2735 513 2777 Xersis
550 2739 595 2777 et
632 2735 817 2791 ignauia
854 2735 1126 2777 remissioris
1163 2739 1208 2776 et
1244 2734 1386 2776 animi
1423 2738 1631 2790 torpente
1667 2731 2048 2775 subsannabiliter

363 2803 530 2844 inercia
549 2802 752 2844 numinis
771 2801 1053 2858 Appollonei
1071 2802 1363 2857 propositum
1383 2805 1700 2857 promouente,
1720 2800 1960 2856 perniciter
1977 2804 2046 2840 est

437 3011 448 3032 ¹
467 3017 551 3051 totis
566 3016 688 3060 lustin,
704 3022 803 3051 totus
819 3017 842 3051 S

436 3066 450 3088 ²
465 3078 631 3107 cateruas
646 3072 768 3116 lustin,
782 3083 846 3107 om.
865 3073 888 3107 S
