2132 3346
266 376 301 401 45

265 1045 300 1070 55

264 2050 298 2074 70

263 2386 298 2411 75

363 161 453 201 200
589 169 776 203 SERIUM
798 170 1103 203 SENECTUTIS

362 292 605 335 fatalitates
621 293 929 336 infamiarum.
947 295 1047 336 Pari
1063 294 1270 351 profecto
1286 297 1528 337 seueritate
1543 297 1745 338 criminis
1761 297 1822 339 ad
1839 298 1981 339 instar
1996 298 2045 340 in

362 359 441 401 tali
459 373 571 401 casu
590 359 683 401 lese
703 361 954 402 maiestatis
973 375 1189 418 expressa
1208 363 1449 418 presertim
1467 362 1682 404 voluntas
1702 363 1839 405 debet
1858 356 2042 420 puniri,1

362 439 454 482 qua
468 426 720 468 voluntatis
736 426 955 469 effectum
970 427 1235 470 firmissime
1249 429 1729 484 premencionatorum
1757 430 1764 486 Ι
1777 429 1848 472 54¹
1861 431 1869 486 Ι
1895 429 2044 472 fuerat

362 498 414 535 ut
428 498 497 535 est
513 494 562 535 in
575 494 794 536 institutis
809 499 854 536 et
870 494 1238 537 indifferentibus
1253 495 1516 537 solidatum.
1533 495 1679 538 Debet
1693 497 1846 553 itaque
1860 497 2045 539 cuilibet

362 574 473 602 sane
487 565 672 602 sensato
686 561 1073 603 verisimillimum
1087 561 1186 604 fore
1199 562 1348 604 videri
1362 562 1490 618 quod
1507 576 1533 604 a
1548 568 1643 605 tam
1657 564 1809 613 variis,
1823 563 1923 606 aliis
1937 569 1982 606 et
1996 565 2045 606 in

362 627 562 669 articulis
581 628 699 670 inter
716 642 767 670 se
785 633 880 670 tam
900 628 1245 679 dissidentibus,
1262 630 1538 671 vnanimiter
1556 629 1766 687 adeoque
1783 635 2044 673 constanter

362 695 594 744 astruitur,
613 694 1019 752 indifferenterque
1037 696 1325 746 coasseritur,
1344 701 1559 753 tanteque
1578 696 1767 739 tandem
1786 697 2043 754 penalitatis

362 761 450 804 sub
465 763 841 804 interminacione
856 763 1218 813 concustoditur,
1233 769 1286 805 ut
1301 764 1394 805 iam
1409 777 1532 806 nunc
1547 765 1693 806 eciam
1707 764 1835 807 velut
1850 765 2044 807 invaria-

361 829 501 871 bilem
528 830 810 871 necessitatis
838 830 887 872 in
913 835 1127 872 naturam
1155 831 1371 872 transisse
1398 832 1705 873 communiter
1731 831 1790 873 ab
1815 833 2042 874 vniuersis

361 897 658 938 examinetur.

425 961 497 1016 [3.]
519 963 571 1004 In
594 963 885 1019 paucissimis
911 964 1050 1019 igitur
1076 963 1138 1019 (et
1162 977 1238 1005 me
1262 977 1520 1020 sanumque
1545 965 1763 1006 sencienti
1786 966 1968 1021 quouis,
1992 970 2045 1007 ut

362 1042 578 1085 auguror,
594 1029 922 1086 examinatore)
941 1029 1097 1072 differt
1114 1030 1172 1072 ab
1188 1031 1379 1072 omnino
1396 1030 1630 1080 delirante,
1646 1032 1726 1088 qui
1741 1045 1864 1073 vano
1879 1031 2043 1074 volun-

362 1096 466 1137 tatis
479 1109 564 1137 sue
576 1095 877 1138 solummodo
890 1101 1023 1138 motu
1035 1096 1122 1138 sibi
1133 1097 1486 1139 conviuentibus
1499 1097 1804 1139 sublunariter
1815 1099 2042 1140 vniuersis

362 1162 644 1205 dissimiliter
665 1164 825 1205 viuere
848 1163 1085 1205 contendit
1108 1163 1417 1220 inutiliterque
1439 1170 1643 1214 conatum
1666 1178 1813 1206 vnum
1836 1164 2043 1221 profecto

360 1229 513 1271 Deum
532 1229 797 1272 viuentibus
817 1229 1069 1286 expediens
1089 1235 1158 1272 est
1178 1244 1279 1272 esse
1299 1230 1467 1280 solum,
1486 1245 1544 1273 ne
1563 1230 1651 1273 sub
1670 1232 2043 1274 inconueniencia

361 1296 676 1352 pluralitatum
689 1297 807 1338 vicia
819 1297 1050 1338 vilitatum
1063 1297 1436 1354 subemergerent
1448 1303 1493 1339 et
1507 1298 1820 1340 dissidiorum:
1833 1298 2044 1355 frequen-

360 1364 458 1404 cius
473 1364 597 1405 enim
612 1363 747 1405 firma
762 1363 1004 1420 stabilique
1020 1363 1270 1405 descensus
1286 1364 1344 1405 ab
1357 1365 1541 1405 ciuitate
1554 1364 1837 1406 confusionis
1852 1365 2042 1406 inconti-

360 1430 571 1472 nenciam
598 1430 717 1486 parit
743 1430 791 1472 in
817 1429 1089 1486 pluralitate.
1116 1431 1293 1481 Queuis
1321 1431 1444 1472 enim
1471 1435 1688 1487 potestas,
1715 1430 1798 1473 sed
1826 1431 2043 1488 precipue

361 1511 545 1539 summa
577 1497 885 1539 mediocrisne
916 1497 993 1539 uel
1024 1498 1229 1547 minima,
1260 1498 1484 1540 consorcii
1515 1512 1698 1554 semper
1729 1503 1774 1540 et
1805 1498 2042 1555 parilitatis

360 1565 506 1606 eciam
529 1564 885 1621 quodammodo
910 1565 1144 1621 genialiter
1168 1570 1237 1607 est
1261 1570 1306 1607 et
1330 1565 1663 1607 inexorabiliter
1686 1565 2043 1614 abhominatiua;

360 1645 544 1687 semper
575 1632 693 1673 viuit
726 1631 1201 1688 sompniculosissime
1233 1631 1443 1674 studiosa
1476 1647 1570 1689 quo
1603 1632 1700 1674 sola
1733 1646 1820 1674 suo
1853 1633 1911 1674 sit
1943 1633 2042 1674 sine

359 1699 761 1755 comparticipante
773 1700 1057 1755 potestatiua.
1072 1699 1537 1740 Consuetudinarium
1550 1699 1752 1756 profecto
1765 1699 1944 1756 pridem
1956 1699 2042 1741 fuit

360 1770 405 1806 et
421 1764 574 1807 adhuc
591 1766 738 1807 eciam
754 1765 1110 1822 quodammodo
1126 1765 1332 1807 naturale
1349 1765 1580 1823 peribetur
1596 1780 1622 1808 a
1639 1766 1925 1823 peritissimis
1941 1779 2042 1808 esse

359 1833 667 1874 communiter
707 1846 734 1874 a
775 1832 1151 1889 compossidente
1191 1846 1568 1889 compossessum
1608 1832 1777 1889 negligi
1816 1832 2042 1882 facillime,

360 1913 587 1956 suamque
611 1901 847 1957 corrumpi
871 1914 1297 1957 compossessorem
1322 1901 1418 1957 pati
1442 1905 1621 1957 partem
1644 1900 1902 1942 voluntarie
1926 1899 2043 1942 dum

360 1967 478 2023 parti
505 1967 748 2023 perniciter
774 1966 952 2009 invidet
978 1966 1136 2009 aliene.
1164 1967 1318 2009 Restat
1345 1968 1482 2024 igitur
1509 1967 1636 2024 quod
1664 1968 1703 2009 si
1729 1967 1855 2009 Deus
1882 1972 1965 2016 est,
1990 1972 2043 2009 ut

360 2033 672 2075 indubitanter
691 2039 774 2083 est,
793 2048 978 2075 summa
998 2033 1125 2075 solus
1146 2033 1327 2075 deitatis
1348 2035 1396 2075 in
1414 2033 1692 2076 sublimitate
1711 2035 1769 2075 sit
1787 2047 1921 2075 vnus.

424 2099 495 2154 [4.]
517 2100 659 2151 Quod
682 2106 839 2143 autem
859 2101 986 2143 Deus
1008 2101 1079 2151 sit,
1100 2115 1195 2158 quo
1216 2106 1372 2143 tamen
1391 2101 1649 2143 racionibus
1671 2106 1715 2143 et
1735 2100 1887 2143 verbis
1909 2101 2041 2157 quasi

360 2173 525 2209 mutuo
544 2167 683 2209 michi
703 2168 848 2224 (quod
867 2167 937 2210 fas
956 2168 1173 2224 admittit)
1193 2168 1269 2210 uel
1286 2167 1632 2225 superficialiter
1650 2168 1955 2225 appropriatis
1973 2168 2042 2209 uti

359 2234 498 2277 libere
534 2234 665 2277 liceat
701 2235 874 2285 alienis,
910 2249 1021 2277 sane
1056 2235 1363 2277 sencientibus
1399 2235 1781 2292 approbatissime
1816 2234 2042 2277 constabit

358 2301 878 2359 commendabiliterque
905 2303 1111 2344 sensatis.
1139 2303 1216 2344 Est
1243 2303 1367 2344 enim
1394 2302 1608 2359 frequens
1634 2302 2041 2359 vniuersaliterque

358 2369 799 2412 consuetudinatum
817 2369 945 2426 quod
965 2369 1123 2411 alienis
1141 2374 1306 2412 mutuo
1324 2370 1564 2426 sepissime
1581 2369 1694 2426 quid
1713 2369 1773 2411 ad
1791 2368 2040 2426 expediens

359 2441 515 2478 utatur
545 2437 757 2493 acceptis,
787 2436 1017 2493 rebusque
1061 2436 1179 2494 Ι54Ἴ
1220 2436 1295 2479 vel
1326 2436 1386 2479 ad
1418 2442 1602 2493 tempus
1634 2436 1833 2493 gaudeat
1863 2435 2040 2493 sibique

359 2503 570 2561 proficiat
591 2505 640 2546 in
660 2503 987 2554 accomodatis,
1009 2504 1092 2546 sed
1115 2509 1160 2546 et
1182 2504 1339 2547 alienis
1361 2503 1728 2561 frequentissime
1748 2504 1969 2561 contingit
1990 2508 2042 2545 ut

359 2571 477 2614 licite
496 2572 599 2628 quis
619 2573 877 2629 spaciatum
897 2577 1058 2629 pergat
1076 2573 1125 2614 in
1142 2563 1429 2614 latifundiis.²
1447 2572 1558 2614 Non
1576 2572 1729 2614 minus
1748 2572 1893 2614 eciam
1912 2584 2041 2628 saga-

358 2639 423 2681 cis
450 2639 644 2681 imitatio
671 2638 887 2696 frequens
915 2644 960 2682 et
986 2644 1241 2696 spontanea
1268 2640 1406 2696 primi
1431 2640 1648 2681 nouitatis
1676 2639 1724 2681 in
1749 2652 1889 2696 opere
1914 2652 2041 2680 nouo

358 2707 733 2749 commentatoris
754 2706 972 2749 accedere
991 2707 1144 2764 primo
1162 2708 1405 2749 consueuit
1423 2707 1772 2749 commentatori
1792 2705 2040 2763 probabilis

359 2773 419 2816 ad
439 2779 743 2830 augmentum
761 2773 885 2816 fame
903 2773 979 2816 uel
997 2773 1434 2823 commendacionis,
1452 2774 1491 2816 si
1510 2779 1665 2816 tamen
1681 2774 2039 2830 circumspectus

430 3048 444 3127 2
459 3065 630 3101 expressa
648 3082 655 3089 .
670 3082 678 3089 .
692 3082 700 3089 .
716 3055 889 3089 voluntas
905 3055 1016 3089 debet
1032 3054 1168 3101 puniri]
1185 3065 1395 3101 expressam
1412 3081 1420 3089 .
1435 3081 1442 3089 .
1457 3081 1464 3088 .
1481 3055 1710 3088 voluntatem
1726 3053 1848 3100 puniri
1865 3053 2000 3087 debere
2015 3053 2038 3087 S

460 3110 667 3145 latifundus
684 3112 707 3145 S
