2132 3346
272 293 307 318 35

271 960 306 985 4⁵

270 2636 304 2661 70

368 142 458 184 174
594 150 782 185 SERIUM
803 151 1108 185 SENECTUTIS

432 275 503 330 [3.]
525 275 616 318 Sed
635 281 680 318 et
698 276 911 326 israelite,
928 277 1009 333 qui
1027 276 1114 319 sibi
1131 277 1284 319 Deum
1303 276 1543 319 dumtaxat
1561 276 1873 334 preelegerant
1889 278 2050 320 vuani-

368 343 594 399 miterque
609 342 864 399 selegerant
878 357 1039 393 vnum,
1056 343 1253 385 deorum
1268 348 1559 385 veneratores
1576 344 1753 393 mutati,
1768 344 2050 401 pluralitates

367 409 639 451 concoluere
666 409 876 452 deorum.
900 409 991 452 Sed
1017 415 1063 452 et
1087 410 1514 466 antiquissimorum
1538 410 1731 466 quidam
1755 410 2050 453 sciencialiter

368 475 790 532 preditissimorum
805 475 866 518 de
882 475 971 518 diis
986 476 1114 518 velut
1129 475 1420 518 artificialiter
1435 477 1691 519 inuenticiis
1706 477 1826 519 serio
1841 477 1905 519 sic
1921 482 1991 519 est
2005 482 2051 520 et

367 542 637 584 excellenter
656 542 878 585 elocutus:
899 543 1026 585 Deus
1047 547 1092 585 et
1112 547 1242 600 pater
1261 543 1402 600 quiue
1421 557 1634 585 summus
1654 548 1724 585 est
1743 543 2051 600 precipuusve

368 609 485 652 deus
506 610 623 652 sicut
643 608 834 652 effector
852 614 921 652 est
942 609 1140 652 deorum
1158 609 1410 660 celestium,
1430 610 1493 652 sic
1513 609 1702 653 effector
1721 615 1790 653 est
1808 609 1952 653 homo
1970 610 2051 668 qui

367 676 582 719 coluntur
600 677 649 719 in
667 676 852 733 templis
873 676 1084 726 deorum,
1102 676 1386 719 condicionis
1406 676 1608 719 humane
1627 682 1881 734 spontanea
1899 678 2051 734 proxi-

367 745 525 786 mitate
556 748 893 793 contentorum,
924 744 1005 800 qui
1035 744 1132 786 suis
1164 743 1332 786 scilicet
1363 745 1729 786 reuerentissime
1759 743 1974 786 coluntur
2003 745 2052 786 in

368 809 535 852 abditis
555 810 855 867 sacrariisque
875 809 1171 867 templorum,
1189 811 1270 867 qui
1288 824 1384 852 non
1401 810 1555 852 solum
1573 811 1670 852 suis
1690 810 2005 852 illuminantur
2023 823 2051 852 a

366 876 633 926 cultoribus,
648 876 732 919 sed
748 881 793 919 et
807 891 919 919 suos
934 877 1068 933 quasi
1082 877 1368 919 retransitiue
1382 876 1580 919 cultores
1595 882 1900 933 prosecuntur
1926 876 2038 934 {46¹1

366 943 746 985 veneracionibus
766 942 1175 985 illuminacionum.

431 1009 502 1064 [4.]
524 1009 615 1052 Sed
650 1015 695 1052 et
731 1009 858 1052 idem
892 1010 956 1052 sic
992 1009 1324 1067 subsequenter
1358 1011 1592 1067 supponit:
1626 1010 1809 1067 Species
1843 1009 2050 1067 profecto

368 1076 566 1118 deorum
585 1091 701 1134 quas
722 1076 981 1118 conformat
1000 1076 1263 1118 humanitas
1284 1090 1419 1118 suam
1439 1078 1580 1118 sumit
1599 1091 1654 1118 ex
1674 1082 1868 1134 vtraque
1887 1082 2050 1119 natura

366 1143 580 1193 formam,
597 1143 812 1186 videlicet
829 1157 884 1186 ex
903 1143 1063 1186 diuina
1079 1157 1170 1200 que
1187 1144 1313 1200 prior
1329 1149 1375 1185 et
1392 1143 1528 1200 longe
1546 1143 1747 1186 diuinior
1763 1149 1846 1193 est,
1861 1149 1907 1186 et
1923 1157 1979 1186 ex
1995 1157 2050 1186 ea

367 1224 457 1267 que
469 1211 587 1252 viuit
600 1215 645 1252 et
658 1215 869 1252 versatur
882 1211 999 1252 inter
1011 1209 1222 1252 homines
1236 1215 1396 1267 estque
1410 1210 1700 1252 materialiter
1713 1209 1943 1260 fabricata,
1955 1223 2051 1252 non

367 1277 521 1319 solum
550 1277 778 1334 capitibus
809 1277 919 1319 solis
950 1277 1033 1319 sed
1065 1282 1110 1319 et
1140 1277 1358 1319 membris
1389 1277 1604 1319 omnibus
1635 1282 1824 1334 totoque
1853 1276 2050 1354 figurata

366 1358 572 1401 corpore.
588 1345 659 1386 Sic
675 1345 813 1401 igitur
828 1344 1106 1394 humanitas,
1121 1358 1205 1386 sue
1219 1358 1403 1400 semper
1417 1349 1579 1386 nature
1595 1357 1774 1386 memor
1788 1349 1833 1386 et
1848 1344 2050 1400 originis,

367 1411 442 1453 illa
459 1412 752 1468 perseuerat
739 1425 788 1453 m
803 1412 1064 1453 imitacione
1080 1410 1325 1468 religionis,
1341 1425 1435 1468 quo
1451 1412 1568 1453 sicut
1583 1411 1709 1453 Deus
1725 1411 2050 1453 vniuersorum

367 1483 510 1535 pater,
543 1478 909 1535 vniuersalisque
944 1478 1164 1520 dominus
1199 1477 1314 1520 deos
1348 1483 1400 1520 ut
1434 1478 1520 1520 sibi
1553 1477 1724 1520 similes
1759 1483 1911 1520 essent
1944 1476 2050 1520 fecit

367 1550 563 1595 eternos,
593 1546 657 1587 sic
689 1559 800 1587 suos
831 1545 975 1587 homo
1006 1545 1121 1587 deos
1152 1546 1201 1587 in
1230 1546 1303 1587 sui
1333 1545 1471 1587 wltus
1502 1545 1802 1587 similitudine
1831 1544 2050 1602 figurauit

367 1613 680 1669 temperarios.
719 1613 949 1669 Supponit
987 1617 1032 1654 et
1071 1611 1198 1654 idem
1236 1611 1567 1669 subsequenter
1605 1612 1676 1654 vir
1713 1611 2050 1668 elegantissime

367 1684 577 1722 sensatus
593 1684 638 1721 et
653 1679 966 1721 indubitanter
980 1680 1141 1721 asserit
1155 1670 1346 1721 statuas¹
1363 1693 1459 1721 non
1472 1678 1625 1721 solum
1639 1692 1779 1721 sensu
1794 1679 2050 1735 spirituque

366 1746 465 1788 fore
481 1746 656 1803 plenas,
672 1746 756 1788 sed
774 1747 928 1788 anima
943 1751 1193 1802 vegetatas,
1208 1745 1563 1802 futurorumque
1579 1746 1793 1802 prescias
1808 1750 1853 1788 et
1869 1744 2051 1788 inbecil-

366 1813 514 1861 litates
536 1813 803 1855 hominibus
825 1804 1104 1863 inferentes,²
1125 1813 1514 1870 curacionumque
1536 1812 1740 1855 remedia
1761 1811 2048 1855 subicientes.

366 1880 588 1937 Idemque
604 1885 711 1937 post
728 1894 877 1937 pauca
894 1881 958 1922 sic
976 1881 1210 1937 supponit:
1227 1881 1434 1922 Terrenis
1451 1879 1581 1922 facile
1597 1879 1789 1936 quidem
1805 1879 1894 1922 diis
1912 1884 2049 1936 atque

367 1947 617 1990 mundanis
647 1948 780 1990 irasci
809 1948 926 1990 sicut
955 1948 1035 2004 qui
1064 1952 1172 1990 sunt
1201 1946 1260 1989 ab
1287 1946 1551 1990 hominibus
1580 1961 1635 1989 ex
1664 1951 1858 2003 utraque
1886 1951 2050 1989 natura

365 2015 625 2071 compositi,
639 2014 854 2056 videlicet
867 2028 922 2056 ex
938 2014 1138 2056 demone
1151 2013 1228 2056 uel
1241 2013 1405 2070 angelo
1419 2013 1637 2056 uocaliter
1650 2018 1858 2063 euocato,
1870 2026 2051 2055 necnon

366 2086 411 2123 et
430 2080 722 2123 simulachro.

430 2147 501 2202 [5.]
524 2149 635 2190 Non
652 2148 807 2190 solum
825 2147 1033 2205 profecto
1051 2149 1148 2190 suis
1167 2148 1215 2190 in
1233 2147 1322 2190 diis
1340 2147 1561 2190 faciendis
1580 2147 1823 2189 hominum
1841 2145 2050 2189 similitu·

366 2214 499 2258 dines
515 2215 684 2258 imitari
699 2214 896 2272 dignum
912 2214 1086 2257 duxere
1100 2214 1354 2257 venerandi
1367 2213 1742 2271 venerabilesque
1755 2214 1843 2256 viri
1857 2218 2049 2262 veteres,

366 2282 449 2325 sed
479 2282 723 2325 brutorum
752 2282 926 2325 formas
956 2281 1225 2325 animalium
1254 2281 1341 2325 sibi
1369 2281 1516 2324 fecere
1544 2295 1630 2339 pro
1659 2281 1748 2324 diis
1777 2279 2047 2324 adorabiles.

365 2351 509 2408 Atqui
535 2350 740 2408 populus
769 2350 880 2407 (quo
907 2355 1017 2392 nota
1043 2349 1222 2407 loquar)
1250 2340 1538 2392 Israeliticus³
1565 2362 1759 2391 onerosa
1786 2347 2050 2391 mirabiliter

365 2419 587 2460 seruitute
606 2417 824 2460 liberatus
843 2418 1089 2474 Egipciata,
1109 2417 1226 2459 dum
1245 2416 1477 2459 laboribus
1497 2416 1555 2458 ab
1574 2417 1737 2473 Egipto
1755 2415 1982 2472 fugientes
2001 2415 2050 2457 in

366 2484 550 2527 deserto
567 2489 843 2526 vexarentur
859 2485 1113 2533 itinerariiS,
1130 2497 1324 2526 aureum
1341 2497 1516 2540 pronus
1534 2483 1727 2525 adorare
1744 2496 1830 2539 pro
1847 2482 1938 2524 deo
1954 2495 2050 2524 non

366 2551 697 2593 dubitauerunt
709 2550 1081 2608 conflatilemque
1093 2550 1305 2593 vitulum:
1320 2550 1411 2592 deo
1425 2564 1536 2607 gens
1551 2549 1820 2607 dignissima
1834 2554 1929 2591 tam
1942 2548 2049 2591 rudi

366 2624 474 2661 tunc
501 2624 546 2661 et
573 2618 762 2669 bouino,
788 2619 877 2661 nisi
905 2618 1048 2661 deum
1075 2617 1174 2660 fore
1202 2617 1339 2660 talem
1366 2618 1557 2675 pronius
1585 2616 1892 2666 adorandum,
1918 2615 2046 2674 quod

365 2700 549 2743 semper
566 2686 828 2729 admodum
845 2685 1138 2728 desiderabat
1154 2685 1308 2728 solum
1325 2690 1513 2742 propter
1530 2699 1709 2734 aurum,
1726 2683 1826 2727 solo
1843 2683 2048 2726 crederet

365 2759 409 2796 et
437 2755 485 2796 in
511 2768 638 2796 auro.
666 2754 947 2810 Dignissima
988 2753 1105 2809 Ι46Ἴ
1144 2753 1335 2809 quidem
1361 2767 1452 2794 vox
1481 2758 1575 2794 tam
1602 2752 1750 2794 viliter
1777 2751 1951 2808 agentis
1978 2755 2047 2792 est

438 2975 449 2997 ¹
467 2986 606 3015 statuas
620 2979 809 3026 Asclepius,
824 2990 888 3014 om.
907 2980 930 3014 S

437 3029 451 3052 ²
467 3036 664 3071 inferentes
681 3037 716 3077 S,
732 3036 906 3071 facientes
921 3035 1098 3082 Asclepius

437 3086 451 3109 ³
468 3093 683 3128 Israeliticus
698 3093 747 3127 ed.
