2132 3346
231 505 282 530 125

230 839 281 864 130

229 1173 280 1198 135

228 1509 279 1533 140

228 1844 279 1869 145

226 2247 278 2271 150

345 154 435 196 224
571 163 759 197 SERIUM
780 163 1085 198 SENECTUTIS

345 288 397 330 Et
417 287 504 330 sibi
523 293 704 331 sensate
722 289 868 331 vitam
887 289 1087 332 solidare
1106 290 1271 346 quietis

344 355 514 397 Vitales
533 355 760 397 variando
779 357 903 398 vices
924 356 1165 398 dumtaxat
1184 357 1233 399 in
1250 371 1409 399 vnum.

344 422 496 478 Turpe
515 422 707 478 quidem
726 423 836 465 satis
856 428 925 465 est
945 423 1031 465 sibi
1052 423 1293 466 dissentire
1313 424 1510 473 sodales!
1543 424 1660 481 161Ἷ

345 489 397 531 Et
416 489 570 531 varios
590 490 756 531 animis
776 490 940 532 sociari
958 504 1152 546 corpore
1171 495 1365 539 tantum,

344 556 397 597 Et
416 555 503 597 sibi
523 555 778 598 disiunctos
798 557 955 598 animo
974 558 1222 598 conuiuere
1240 557 1321 598 vili

343 623 477 664 More
496 623 743 672 viatorum!
762 623 843 679 qui
862 623 960 665 sola
981 623 1125 665 diaria
1144 629 1319 673 curant,

344 690 582 746 Ceptaque
601 703 710 731 cum
729 694 865 746 cepto
885 691 1066 746 sapiant
1085 690 1269 732 socialia
1288 690 1445 739 finem!

344 756 585 812 Primaque
604 757 870 813 concipiunt
889 771 1137 813 properam
1155 758 1391 799 consorcia
1411 763 1595 800 metam.

343 823 470 874 Quin
488 824 651 880 pocius
671 823 871 865 solidare
891 829 1054 880 parant
1073 823 1240 866 sociale
1260 824 1443 866 sodales

342 889 570 939 Solamen!
590 890 899 947 studeantque
918 890 1005 932 sibi
1023 890 1213 932 condire
1233 890 1415 933 dierum

342 957 576 998 Decursus
596 971 875 1013 morumque
894 957 1063 999 modos
1084 958 1307 999 solamine
1327 972 1454 1007 sano,

342 1025 468 1065 Dum
487 1023 640 1066 fidum
659 1024 777 1066 bene
796 1024 922 1066 fidus
943 1030 1079 1074 amet,
1098 1024 1346 1081 foueatque
1365 1025 1616 1075 fouentem,

1599 750 1614 777 1

342 1091 560 1146 Dumque
579 1090 666 1132 sibi
685 1105 770 1132 sua
790 1096 899 1132 sunt
917 1092 1183 1133 communia
1203 1091 1383 1148 singula
1403 1091 1525 1141 fidis;

342 1158 419 1199 Est
438 1158 584 1199 eciam
604 1149 804 1214 fulgore²
823 1163 985 1214 patens
1006 1172 1088 1215 per
1106 1159 1309 1215 compita
1329 1160 1487 1200 tritum

342 1224 483 1275 Quod
505 1226 631 1266 socio
651 1225 740 1266 sub
758 1225 855 1266 sole
875 1239 1034 1266 carens
1054 1226 1125 1267 vir
1143 1226 1220 1267 vix
1240 1225 1356 1267 bene
1375 1227 1516 1275 viuat'

341 1291 426 1332 Vix
446 1292 592 1333 eciam
612 1292 652 1333 si
671 1291 788 1333 forte
807 1291 944 1333 cadat
963 1293 1165 1333 iaceatve
1185 1297 1405 1348 resurgat;

342 1358 460 1414 Ergo
480 1358 619 1400 simul
638 1359 737 1400 sine
757 1358 973 1400 dissensu
992 1359 1208 1400 viuamus
1229 1364 1273 1400 et
1292 1359 1412 1400 vltro

340 1424 524 1467 Viribus
545 1439 571 1467 a
591 1425 724 1467 nobis
745 1425 907 1482 procul
927 1425 1177 1467 amandare
1197 1440 1414 1482 paremus

341 1493 504 1548 Iurgia,
524 1506 618 1548 quo
638 1492 787 1534 solide
806 1492 991 1534 socialia
1011 1494 1110 1534 iura
1131 1507 1345 1549 geramus

340 1559 399 1600 Vt
417 1558 576 1601 valido
595 1560 741 1601 vitam
760 1559 950 1601 condire
970 1559 1114 1601 modo
1134 1559 1387 1608 valeamus!

341 1626 543 1682 Longius
563 1640 590 1667 a
609 1625 743 1667 nobis
763 1631 808 1668 et
827 1631 879 1667 ut
899 1626 1097 1668 invidias
1118 1626 1372 1683 abigamus;

340 1693 604 1749 Nostraque
624 1693 688 1734 sic
709 1692 857 1734 solam
877 1694 1058 1749 sapiant
1077 1693 1262 1735 socialia
1281 1707 1457 1750 pacem!

340 1760 399 1801 Vt
418 1765 612 1801 renuant
631 1761 807 1802 variata
827 1760 972 1802 modo
992 1761 1239 1802 conviuere
1258 1760 1351 1810 vili,

341 1827 394 1869 Et
412 1827 567 1869 valide
587 1827 804 1870 studeant
823 1827 1029 1870 validam
1049 1828 1306 1885 producere
1325 1829 1481 1871 vitam.

773 1962 964 2019 Explicit
982 1963 1161 2004 Serium
1181 1963 1427 2004 senectutis
1447 1962 1593 2020 Helye

761 2029 906 2071 Rubei
925 2029 1277 2085 Tripolawensis
1298 2044 1380 2086 per
1399 2029 1604 2071 ffratrem

689 2096 1064 2138 Bartholomeum
1083 2097 1256 2138 Texerii
1276 2096 1451 2138 ordinis
1472 2096 1677 2153 predica-

761 2169 930 2213 torum!
950 2163 1196 2220 degentem
1216 2178 1301 2220 pro
1321 2178 1377 2205 eo
1398 2169 1606 2220 tempore

712 2230 960 2272 Brechonie
979 2230 1191 2273 eiusdem
1211 2230 1386 2273 ordinis
1406 2231 1653 2273 Conuentu

411 3044 422 3066 ¹
440 3061 581 3084 meram
599 3051 622 3084 S

410 3099 424 3122 ²
440 3107 582 3153 fulgare
599 3108 622 3141 S
