2132 3346
258 859 292 884 85

259 1530 293 1554 95

241 1864 292 1889 100

241 2199 292 2223 105

242 2536 293 2561 110

242 2872 293 2897 115

355 175 444 216 160
581 182 768 216 SERIUM
790 182 1095 216 SENECTUTIS

418 307 489 362 [5.]
511 308 602 350 Sed
615 313 660 350 et
671 307 759 350 alia
771 307 963 364 quidem
974 307 1250 364 quamplura
1262 308 1611 350 mendaciorum
1623 308 1844 365 penaliter
1854 309 2037 365 punito-

354 389 460 416 rum
475 375 628 431 primo
643 375 836 416 veniunt
852 388 878 416 a
894 374 1037 416 limite
1052 374 1348 431 querentibus
1364 375 1510 416 eciam
1526 374 1682 431 tepide
1697 376 1806 417 satis
1821 380 1866 417 et
1882 375 2036 417 invitis

354 441 577 498 exempla.
595 441 685 483 Sed
704 442 798 483 iam
815 455 952 490 nune,
969 442 1078 497 quia
1095 442 1159 482 sic
1178 441 1339 497 placet,
1357 441 1598 483 dumtaxat
1614 455 1761 483 vnum
1779 443 2036 498 punicionis

355 507 705 550 mendaciorum
718 521 891 564 ponere
902 507 1102 549 sufficiat
1113 507 1378 564 exemplum
1390 508 1522 564 quasi
1533 508 1836 564 compitaliter
1846 507 2038 564 quidem

354 575 463 616 satis
489 574 847 616 diouolariterve
871 574 1178 630 diuulgatum.
1202 566 1398 616 Notum¹
1425 575 1534 616 satis
1559 580 1641 624 est,
1664 580 1716 617 ut
1739 575 1918 631 opinor,
1941 580 2037 617 tam

354 641 492 698 lippis
520 642 666 683 eciam
693 655 835 698 quam
863 641 1140 691 tonsoribus,
1167 641 1542 698 populariterque
1568 641 1866 698 publicatum,
1892 655 2038 683 sacer-

355 708 522 750 dotum
537 709 713 751 crimen
729 709 842 765 ipsis
858 709 1005 750 eciam
1022 707 1300 750 facinoribus
1318 708 1655 750 abhominabile
1671 708 2038 751 Babilonicorum

355 775 513 817 diuine
539 775 715 817 viribus
741 776 924 817 virtutis
951 775 1141 817 tandem
1168 775 1481 832 pernicissime
1508 776 1737 832 punitum,
1763 776 1843 832 qui
1868 776 2038 817 iustam

354 842 570 899 Ioachym
588 843 697 884 iusti
714 843 960 898 coniugem
980 841 1238 898 petulancia
1256 842 1415 898 puncti
1434 841 1691 898 petulanter
1708 847 1973 884 exarserunt
1990 842 2039 884 in

353 910 625 958 Susannam,
647 909 889 951 mulierem
909 923 1005 951 non
1025 910 1178 951 minus
1199 914 1373 950 castam
1394 923 1535 965 quam
1557 909 1787 958 decoram,
1807 923 2038 965 suumque

355 976 440 1018 sibi
478 976 719 1018 salubriter
755 977 909 1018 Deum
947 990 1058 1017 sana
1097 975 1352 1017 dilectionis
1391 976 1439 1017 in
1476 975 1705 1017 soliditate
1742 980 2036 1018 metuentem.

354 1044 538 1100 Nempe
551 1043 814 1084 sacerdotes
828 1042 892 1084 illi
905 1042 1180 1099 dierumque
1193 1042 1423 1084 malorum
1436 1042 1599 1099 populi
1612 1042 1787 1084 iudices
1800 1043 2039 1084 inveterati

357 1110 467 1167 (quo
500 1110 576 1152 uel
608 1124 663 1152 ex
695 1109 997 1159 habundanti,
1029 1110 1136 1166 quia
1169 1110 1261 1151 iam
1293 1123 1416 1151 nunc
1449 1110 1512 1151 sic
1545 1109 1666 1159 libet,
1697 1109 1785 1151 sub
1816 1109 2038 1151 breuitate

355 1178 584 1219 succincta
601 1178 821 1233 prosequi
838 1191 1030 1233 pergam
1046 1177 1197 1218 veraci
1214 1182 1442 1218 vetustate
1458 1182 1700 1218 venustata
1717 1176 2037 1233 wlgariterque

355 1243 607 1300 diwlgata),
649 1243 766 1285 dum
807 1243 1246 1285 consuetudinaliter
1287 1243 1599 1284 meridionalis
1641 1243 1729 1284 sub
1770 1243 2038 1299 intemperie

355 1311 576 1367 temporis
594 1310 691 1353 sola
708 1325 796 1352 suo
812 1311 929 1352 sicut
946 1310 1188 1352 estimabat
1203 1325 1253 1352 se
1268 1310 1479 1352 Suzanna
1496 1310 1720 1352 solaretur
1735 1309 2036 1352 deambulans

355 1379 403 1420 in
419 1379 643 1435 pomerio,
673 1377 769 1434 141ν
784 1379 790 1434 Ι
819 1377 939 1419 male
956 1377 1109 1419 felices
1126 1382 1171 1419 et
1188 1376 1375 1419 infausti
1392 1377 1653 1419 sacerdotes
1670 1376 1733 1419 illi
1750 1376 2038 1434 petulanciis-

354 1460 444 1502 que
462 1445 673 1487 funditus
691 1444 916 1494 infatuati,
934 1445 1030 1487 suis
1049 1446 1097 1486 in
1113 1444 1281 1501 quibus
1299 1458 1349 1486 se
1367 1444 1784 1501 preabsconderant
1801 1443 2038 1501 prosilien-

355 1518 422 1554 tes
455 1527 482 1554 a
514 1512 697 1554 latebris
732 1512 856 1569 (quia
889 1526 1000 1553 suos
1033 1511 1119 1553 sibi
1151 1511 1410 1568 petulancia
1442 1525 1625 1568 semper
1655 1511 1791 1553 habet
1823 1511 2038 1567 irnpetus,

355 1594 556 1636 suasque
589 1579 733 1621 libido
766 1579 921 1635 vires),
955 1578 1162 1621 tremulis
1195 1579 1238 1620 ei
1271 1578 1560 1620 sermonibus
1594 1579 1746 1635 primo
1779 1577 2038 1635 supplicare

355 1652 553 1703 pergunt
571 1652 623 1688 ut
641 1660 722 1688 eos
742 1646 944 1688 libidinis
963 1647 1012 1688 in
1029 1646 1308 1688 adiectiones
1328 1637 1584 1694 adinvitat;²
1602 1645 1686 1687 sed
1705 1645 1785 1687 ubi
1802 1658 1937 1687 suam
1954 1658 2038 1686 sue

354 1714 572 1755 castitatis
602 1713 864 1755 nullatenus
894 1727 1032 1770 posse
1061 1712 1209 1769 frangi
1237 1713 1552 1754 coniectauere
1580 1713 1890 1769 pertinaciam,
1918 1711 2038 1753 male

355 1781 633 1822 mencientes
669 1781 930 1822 inmeritam
967 1779 1146 1821 deferre
1181 1784 1379 1836 pergunt
1415 1778 1627 1820 adulterii
1663 1793 1789 1820 ream
1823 1777 1952 1835 quod
1988 1791 2038 1819 se

354 1847 528 1889 vidisse
541 1852 803 1889 constanter
816 1852 1019 1889 asserent
1031 1861 1135 1889 eam
1148 1860 1235 1888 suo
1247 1860 1355 1888 cum
1367 1845 1710 1888 coadulterante
1722 1845 2039 1887 coadulteran-

355 1919 462 1963 tem,
477 1928 571 1970 quo
586 1915 650 1955 sic
665 1919 824 1955 contra
839 1913 908 1955 fas
924 1919 968 1955 et
984 1914 1130 1970 pium,
1145 1914 1331 1955 testium
1346 1913 1497 1962 simul,
1513 1918 1832 1954 accusatorum
1846 1926 1928 1953 nec
1943 1925 2039 1953 non

354 1986 399 2022 et
419 1980 575 2022 officio
594 1980 895 2037 fungerentur
915 1981 1293 2022 examinatorum.

419 2047 489 2101 [6.]
512 2048 689 2089 Uerum
703 2048 844 2096 Deus,
858 2048 1087 2089 iustorum
1100 2047 1393 2095 iustissimus,
1408 2046 1573 2088 arbiter
1586 2051 1630 2087 et
1644 2044 2038 2087 incircumuenibi-

355 2114 423 2164 lis,
441 2128 625 2171 semper
642 2114 848 2156 excelsus
867 2119 911 2156 et
930 2113 1139 2155 sublimis
1158 2119 1202 2155 et
1219 2113 1429 2155 habitans
1448 2113 1746 2161 eternitatem,
1764 2125 1976 2154 summus
1994 2116 2039 2153 et

354 2183 664 2223 vniuersitatis
680 2181 849 2239 opifex,
862 2181 1243 2238 voluntariusque
1258 2181 1487 2237 magister,
1502 2180 1719 2237 fidusque
1735 2179 2038 2236 dispensator,

355 2249 641 2306 pervigilque
655 2250 875 2299 minister,
889 2250 1043 2291 minus
1057 2250 1176 2291 iuste
1189 2249 1253 2290 sic
1268 2249 1474 2305 impetite
1488 2249 1597 2290 satis
1611 2247 1822 2289 effectiue
1836 2245 2037 2304 preuidit

354 2331 478 2359 noua
494 2318 770 2374 preuisionis
786 2318 835 2359 in
849 2316 1181 2374 spiritualitate,
1197 2316 1313 2358 dum
1329 2330 1518 2373 prorsus
1535 2316 1787 2357 innocentis
1803 2314 1863 2357 ad
1880 2314 2038 2356 libera-

354 2386 535 2427 cionem
557 2384 760 2427 Danielis
784 2385 998 2441 spiritum
1021 2385 1260 2426 suscitaret
1283 2383 1585 2425 adolescentis
1608 2388 1653 2425 et
1675 2382 2038 2438 intelligenciam,

354 2451 715 2508 fecundaretque
736 2451 1048 2500 subtilitatem,
1070 2451 1186 2492 dum
1207 2451 1388 2492 iuuenis
1409 2464 1489 2492 eos
1510 2449 1917 2506 condempnabiles
1937 2462 2038 2490 esse

354 2518 676 2576 comprobaret
687 2524 731 2561 et
743 2518 991 2560 mendaces
1003 2532 1085 2575 per
1097 2517 1494 2560 diiudicacionem.
1506 2518 1668 2573 Sicque
1680 2516 2037 2573 peremptoriam

355 2587 613 2628 sustinuere
629 2586 819 2628 tandem
833 2585 1183 2628 mendaciorum
1197 2599 1283 2642 pro
1297 2584 1549 2627 mendaciis
1564 2584 1853 2626 meritissime
1867 2582 2038 2640 penali-

355 2659 510 2703 tatem,
528 2653 644 2696 dum
663 2653 939 2711 popularem
957 2652 1160 2710 populus
1179 2667 1259 2694 eos
1279 2658 1374 2694 tam
1391 2650 1816 2694 commendabiliter
1834 2650 1893 2692 de
1911 2664 2037 2692 men-

356 2721 498 2763 daciis
511 2722 748 2763 conuictos
763 2713 1000 2763 sublunari
1012 2720 1176 2763 cedere
1188 2720 1337 2776 coegit
1351 2719 1410 2761 de
1423 2719 1579 2761 medio
1593 2733 1675 2775 per
1687 2717 2037 2775 lapidacionem,

355 2788 475 2830 male
498 2788 687 2830 feliciter
710 2789 758 2830 in
781 2793 1060 2844 perpetuum
1084 2788 1332 2829 morituros
1356 2786 1542 2828 infamie
1566 2800 1648 2842 per
1671 2785 2037 2842 perpetuitatem,

354 2855 429 2897 vel
454 2856 616 2912 pocius
642 2854 864 2897 eternales
891 2854 1148 2896 eternaliter
1172 2854 1258 2896 sibi
1284 2867 1527 2910 perperam
1551 2854 1753 2894 victuros
1779 2851 2036 2909 penalitatis

428 3065 439 3087 ¹
457 3072 605 3106 Motum
623 3072 646 3105 S

427 3121 441 3144 ²
457 3128 667 3162 adinvitant
683 3129 706 3162 S
