2132 3346
273 613 308 638 35

272 1281 307 1306 45

272 1950 307 1975 55

370 129 458 170 148
596 137 784 171 SERIUM
805 137 1111 171 SENECTUTIS

369 262 613 304 facientem
633 267 679 304 et
699 262 888 304 auribus
909 267 1083 304 attento
1104 262 1193 305 sub
1213 262 1399 305 silencio
1419 277 1515 305 non
1534 264 1687 306 minus
1709 265 1890 306 attentis
1910 277 2052 321 quam

369 328 640 371 voluntariis
654 329 863 386 excipere
875 329 1007 379 nitar,
1019 334 1065 370 et
1077 329 1296 371 exaudire
1309 330 1549 379 curiosius,
1561 335 1606 372 et
1619 329 1868 387 intelligere
1880 345 2053 372 sermo·

369 410 451 438 nes
472 401 517 438 et
537 396 789 452 proposita.
810 396 909 438 Nec
930 396 1090 445 eciam,
1110 395 1212 438 licet
1232 395 1372 438 michi
1391 397 1482 438 tuis
1503 396 1616 453 quid
1637 396 1870 453 displicuit
1890 411 2052 454 perpe-

369 476 530 504 ramue
546 462 716 504 sederit
731 463 875 512 seriis,
891 462 996 504 dico
1012 467 1168 504 tamen
1182 462 1423 504 dumtaxat
1438 463 1486 505 in
1499 462 1854 512 elocucionibus,
1868 469 2053 506 conten-

369 528 604 571 cionaliter
639 528 861 586 quicquid
899 543 1122 586 reponere
1159 543 1363 586 pergam,
1400 529 1956 572 controuersionalibusue
1993 529 2053 572 de

369 595 741 652 repositionibus,
775 595 1100 638 verbalibusue
1133 597 1488 638 contencionum
1524 596 1584 638 de
1619 596 1908 638 dictionibus.
1943 597 2055 639 Non

369 663 492 705 enim
507 676 774 705 sermonum
789 662 1137 705 diduccionibus
1151 663 1282 719 quasi
1295 663 1688 706 contencionaliter
1701 663 1940 713 alternatis,
1952 677 2051 706 ver-

369 729 598 771 borumue
606 729 905 771 conferenciis
915 730 1187 771 corrixatiue
1195 729 1706 787 vicissitudinaliterque
1713 731 1914 780 variatis,
1921 729 2054 772 fami-

369 795 567 838 nibusue
582 795 668 838 fari
683 795 792 838 libet
806 795 998 838 vlterius
1014 795 1271 838 alternatim
1286 797 1419 852 quasi
1433 797 1704 839 corrixatiue
1719 796 2054 846 diuersificatis,

369 876 464 919 quo
487 862 680 919 quidem
717 862 835 919 137’11
870 862 999 919 quod
1025 862 1107 904 tibi
1130 862 1311 905 libuerit
1335 876 1473 905 omne
1496 862 1582 905 fari
1605 877 1784 920 pergas,
1807 863 1936 905 omni
1957 876 2053 905 ces-

369 935 498 971 sante
531 929 913 971 contradiccionis
947 929 1204 979 acerbitate,
1237 929 1354 971 dum
1388 934 1543 972 tamen
1575 930 1624 972 in
1654 929 1876 986 loquendi
1908 929 2053 972 modo

369 996 568 1038 modum
580 1010 677 1038 non
688 995 884 1038 excedas
897 1010 1087 1038 omnem
1099 995 1308 1038 falsitatis
1321 996 1731 1039 mendaciorumue
1743 1010 1826 1053 per
1837 997 2053 1039 inconue·

368 1064 610 1113 nienciam,
624 1063 928 1105 ridiculamve
943 1063 1256 1120 possibilitatis
1271 1077 1354 1120 per
1368 1064 1790 1120 transgressionem.
1805 1064 1916 1106 Non
1929 1064 2053 1106 enim

369 1144 479 1172 sane
498 1130 648 1172 silenti
666 1129 831 1172 cedere
849 1131 1092 1172 consueuit
1111 1130 1171 1172 ad
1190 1131 1474 1187 vituperium
1493 1130 1620 1187 quod
1641 1135 1821 1172 sensate
1839 1131 2053 1173 sermoci-

368 1202 557 1239 nantem
577 1211 689 1239 sana
709 1198 941 1254 pacienter
961 1197 1092 1239 audit
1112 1197 1257 1239 libens
1278 1202 1323 1239 et
1343 1197 1530 1239 exaudit
1550 1211 1711 1239 omnes
1732 1198 1923 1239 omnino
1941 1198 2052 1239 citra

369 1265 679 1321 reposiciones
697 1263 1136 1314 contradiccionum,
1155 1265 1357 1306 rixarum
1376 1278 1486 1320 sepe
1503 1278 1599 1306 non
1616 1265 1769 1306 minus
1788 1264 2052 1306 excitatiuas

369 1332 747 1373 inconcinnarum
765 1345 907 1387 quam
925 1332 1168 1373 conamine
1185 1332 1353 1387 quouis
1372 1345 1399 1373 a
1417 1332 1622 1387 sapiente
1640 1332 1859 1373 continuo
1876 1330 2054 1387 fugien-

370 1397 537 1440 darum
556 1399 896 1440 continuatiuas
916 1398 1277 1439 inimiciciarum.

433 1464 504 1519 [2.]
527 1466 703 1507 Reuera
721 1465 839 1507 sicut
858 1479 1067 1521 pugnam
1085 1464 1230 1521 probe
1247 1465 1473 1506 committi
1491 1465 1720 1506 serissime
1738 1465 1973 1520 contingit,
1991 1464 2053 1506 ibi

369 1531 582 1588 pulsante
599 1531 840 1573 dumtaxat
856 1523 1147 1588 impetitore,1
1165 1531 1292 1573 solus
1308 1531 1689 1573 subsannabiliter
1703 1530 1894 1587 vapulat
1909 1531 2053 1587 impe-

369 1598 492 1647 titus,
513 1599 577 1640 sic
598 1612 785 1655 quoque
806 1598 952 1640 rixam
973 1597 1234 1639 tardissime
1253 1598 1486 1654 continget
1506 1598 1779 1639 interuenire
1800 1597 1917 1639 dum
1937 1596 2054 1639 duo·

368 1679 474 1707 rum
496 1664 738 1707 dumtaxat
760 1664 873 1707 alter
894 1664 1034 1706 simul
1055 1664 1372 1721 socialiterque
1393 1664 1740 1706 considencium
1761 1664 1880 1706 labia
1901 1663 2052 1706 laxare

369 1731 500 1774 licitis
518 1737 679 1789 pergat
695 1732 744 1774 in
759 1731 1239 1774 sermocinacionibus.
1256 1731 1346 1773 Sed
1363 1746 1446 1773 nec
1464 1731 1590 1773 litem
1606 1730 1706 1773 fieri
1721 1731 2052 1773 controuersia-

368 1799 519 1855 lemve
546 1799 797 1841 verborum
824 1799 1150 1841 diduccionem
1177 1800 1440 1855 contingere
1466 1799 1708 1840 consueuit
1734 1798 1964 1840 ordinaria
1992 1797 2052 1840 de

368 1865 582 1908 facilitate
608 1866 685 1908 uel
710 1867 1038 1908 conueniencia
1064 1880 1172 1907 cum
1198 1865 1600 1907 confabulancium
1625 1864 1905 1907 familiariter
1930 1878 2052 1906 vnus

368 1934 501 1990 quasi
524 1933 660 1975 ferias
684 1934 777 1990 agit
801 1934 850 1975 in
872 1933 1073 1983 silenci0,
1097 1924 1319 1990 reliquus²
1341 1947 1453 1974 vero
1476 1932 1647 1974 famine
1669 1932 1791 1974 fatur
1814 1931 1942 1989 quod
1966 1931 2052 1973 sibi

369 2000 539 2042 sederit
559 2015 639 2042 ore
660 2000 797 2050 licito,
816 2000 1141 2042 voluntarioue
1161 1999 1290 2057 quod
1312 1999 1398 2042 sibi
1418 1999 1639 2056 placuerit
1659 1999 1855 2056 eloquio.
1877 1999 2052 2041 Reuera

369 2068 599 2110 serissime
623 2067 1005 2110 controuersiales
1030 2067 1442 2110 sermocinantibus
1467 2068 1647 2109 serioue
1670 2066 2052 2123 conloquentibus

368 2135 570 2177 incidere
609 2140 952 2177 consueuerant
992 2134 1259 2177 acerbitates
1299 2134 1392 2184 ubi,
1432 2134 1756 2176 moderacione
1795 2133 2052 2191 melleoque

368 2202 739 2244 mansuetudinis
772 2202 962 2244 dulcore
994 2201 1275 2251 melioratus,
1306 2203 1496 2244 omnino
1528 2201 1666 2243 nichil
1696 2206 1765 2243 est
1797 2200 2051 2243 acerbitatis

368 2269 684 2312 inutilitatisue
706 2270 1007 2326 repositurus.
1029 2268 1351 2311 Uniuersalem
1373 2270 1412 2311 si
1434 2268 1542 2311 libet
1563 2269 1700 2325 igitur
1722 2258 2052 2311 contencionis³

367 2338 478 2379 citra
493 2337 644 2394 legem
660 2342 742 2379 tuo
758 2336 840 2379 tibi
855 2336 984 2394 quod
1001 2336 1138 2379 libeat
1153 2351 1239 2394 pro
1254 2335 1371 2378 velle
1388 2336 1518 2378 liceat
1534 2335 1753 2393 ponendo
1769 2334 2052 2393 loquelaliter

367 2404 512 2454 effari,
532 2419 728 2462 meaque
747 2404 886 2447 michi
906 2418 992 2461 pro
1010 2404 1249 2447 voluntate
1267 2403 1408 2446 libera
1426 2403 1495 2446 fas
1516 2405 1574 2446 sit
1592 2409 1637 2446 et
1655 2403 1847 2446 facultas
1867 2403 2051 2445 licencie

368 2471 683 2513 renunciando
703 2471 1007 2521 sermocinali,
1026 2471 1127 2513 solo
1147 2472 1255 2528 quia
1274 2472 1338 2512 sic
1359 2470 1466 2512 libet
1485 2470 1672 2512 silencio
1691 2470 1920 2512 luxuriari.

440 2961 452 2983 ¹
470 2965 681 3012 imperitore
697 2966 721 3000 S

439 3015 454 3038 ²
470 3022 619 3069 reliquis
636 3023 659 3057 S

439 3072 454 3095 ³
468 3079 757 3114 contencionalis
774 3080 797 3113 S
