2132 3346
259 355 310 380 150

259 688 309 713 155

258 1025 309 1050 160

257 1357 308 1382 165

257 1692 308 1717 170

256 2027 307 2052 175

255 2364 307 2389 180

372 140 431 181 84
567 148 755 182 SERIUM
777 148 1082 182 SENECTUTIS

372 272 714 314 infatuatissimi
733 274 792 315 sit
811 278 856 315 et
876 273 1019 315 solius
1040 273 1101 315 ad
1121 273 1258 315 fatale
1276 274 1623 330 compendiario
1642 276 1779 317 viaue
1798 281 1919 318 recta
1938 277 2055 332 peri-

371 339 530 381 culum
553 340 843 395 properantis
867 340 1177 382 inhumaniter
1199 340 1464 382 hominibus
1487 342 1645 383 viuere
1667 343 2056 384 contumaciterue

371 405 652 447 numinibus.

436 471 507 526 [9.]
530 471 759 514 Cambisis
804 473 950 514 eciam
993 473 1196 514 criminis
1240 472 1360 514 adeo
1403 473 1740 530 cachynnabilis
1784 467 2053 517 reuerende¹

372 543 598 580 memorat
630 539 872 581 vetustatis
907 539 972 594 (in
1004 539 1202 581 deorum
1234 539 1492 596 pluralitate
1525 540 1775 596 delirantis)
1810 541 2055 583 auctoritas

372 605 599 647 Hamonis
621 605 670 647 in
690 605 905 647 iniuriam
940 604 1052 662 115¹}
1085 606 1322 648 commissi
1343 611 1468 648 mote
1490 606 1742 649 diuinitatis
1764 621 1847 664 per
1867 607 2055 650 iniurias

371 671 614 713 ulcionem.
632 671 872 714 Cambises
888 672 1026 721 enim,
1041 671 1237 714 fataliter
1251 686 1360 714 cum
1376 673 1462 722 sui,
1477 678 1530 715 ut
1544 664 1630 723 fit?
1644 673 1750 715 elati
1765 674 1907 730 patris
1923 673 2054 716 heres

371 729 488 780 iure³
526 739 812 781 successorio
848 738 1046 788 relictus,
1083 739 1300 796 Egiptum
1336 739 1525 782 viriliter
1560 745 1752 797 paterno
1789 740 2055 783 subiecisset

371 806 580 862 imperio,
614 805 743 848 velut
777 805 986 848 offensus
1022 805 1270 863 superfluis
1306 807 1599 864 Egipciorum
1634 807 2055 865 supersticionibus,

371 873 610 930 Isidisque,
641 874 866 930 Apisque,
897 874 1115 916 Mercurii
1146 888 1327 916 necnon
1357 879 1402 916 et
1432 874 1708 932 Appollinis,
1738 880 1784 918 et
1815 875 2055 933 Esculapii,

370 945 721 998 ceterorumque
749 940 921 998 templa
949 940 1147 983 deorum
1175 933 1388 983 ridiculo⁴
1417 941 1623 998 religioni
1650 941 1938 985 derisibiliter
1964 943 2055 985 ritu

371 1013 479 1050 tunc
500 1007 753 1064 pontificali
772 1007 985 1050 dedicata
1006 1008 1182 1051 destrui
1202 1008 1415 1065 diruique
1434 1010 1637 1066 precepit
1655 1015 1708 1052 ut
1726 1010 1917 1052 omnino
1934 1023 2055 1052 vana

370 1074 675 1131 funditusque
705 1075 958 1132 prophana.
988 1075 1079 1117 Sed
1109 1081 1154 1118 et
1182 1075 1243 1118 ad
1273 1076 1500 1118 Hamonis
1529 1076 1704 1118 uiribus
1734 1076 2056 1133 sacrilegisque

370 1141 606 1183 violenciis
636 1142 1003 1198 expugnandum
1033 1142 1441 1199 dirimendumque
1469 1142 1622 1184 nobile
1651 1143 1878 1199 templum
1906 1143 2054 1185 Libies

371 1209 553 1257 arentis,
565 1209 748 1264 arisque
758 1213 946 1250 centum
957 1208 1228 1265 pluribusue
1240 1208 1605 1251 famosissimum
1616 1210 1879 1251 transmittit
1889 1210 2055 1252 exerci-

371 1280 484 1316 tum.
510 1275 687 1316 Uerum
713 1266 855 1324 suas,⁵
880 1280 932 1317 ut
959 1275 1025 1330 (in
1049 1275 1127 1317 tali
1151 1289 1262 1317 casu
1287 1280 1453 1331 sponte
1478 1275 1841 1318 circumscribilis
1866 1281 1912 1318 et
1935 1289 2055 1318 erra-

370 1341 546 1396 bunda)
573 1341 857 1383 coniectabat
881 1342 1142 1398 antiquitas,
1167 1342 1352 1383 arbitrio
1377 1343 1579 1384 numinis
1604 1342 1848 1384 ulciscente
1872 1342 2054 1384 Iouialis

371 1408 573 1457 iniurias,
601 1409 855 1450 temeritate
882 1408 1101 1465 sacrilega
1129 1409 1192 1450 sic
1221 1409 1517 1450 transmissus
1544 1410 1592 1451 vi
1619 1410 1903 1466 tempestatis
1930 1414 2054 1452 totus

371 1489 615 1517 arenarum
634 1475 835 1517 molibus
855 1475 1047 1517 letaliter
1066 1489 1319 1532 oppressus
1339 1475 1485 1518 obiter
1504 1477 1671 1518 interiit
1689 1477 1924 1519 exercitus.

434 1541 534 1596 [10.]
557 1543 655 1584 Nec
690 1533 876 1584 talibus⁶
909 1543 1098 1584 Hamon
1130 1556 1351 1584 arenosus
1385 1544 1560 1585 auctori
1592 1544 1795 1600 pepercit
1827 1533 2055 1586 offensus⁷

371 1614 465 1651 tam
485 1610 723 1651 temerarie
743 1610 1115 1651 transmissionis.
1134 1610 1318 1666 Nempe
1335 1623 1444 1651 cum
1462 1623 1545 1666 per
1562 1611 1763 1666 quietem
1781 1615 2054 1652 nocturnam

370 1675 558 1718 fratrem
579 1690 733 1726 suum,
755 1677 944 1718 nomine
965 1677 1196 1732 Mergum,
1218 1681 1325 1732 post
1347 1690 1397 1718 se
1418 1681 1716 1732 regnaturum
1737 1676 1930 1719 vidisset
1953 1675 2054 1732 (hec

370 1743 598 1792 Hamone,
633 1744 751 1785 sicut
786 1757 907 1785 vana
942 1744 1184 1786 vetustatis
1220 1743 1495 1800 opinabatur
1529 1743 1750 1793 facillitas,
1785 1748 2054 1800 preostenso

370 1810 672 1867 procurante),
686 1810 978 1852 vehementer
992 1810 1388 1853 vehementissime
1403 1816 1713 1853 consternatus
1728 1825 1823 1853 non
1835 1810 2052 1853 formida-

369 1878 450 1927 uit,
467 1878 614 1920 eciam
630 1883 737 1934 post
754 1883 1071 1935 perpetratum
1087 1879 1188 1934 spei
1204 1878 1516 1920 destinacione
1533 1878 1835 1935 sacrilegium,
1851 1892 1900 1920 re
1915 1877 2055 1920 simul

369 1949 414 1986 et
446 1944 567 1986 facto
600 1946 888 1986 committere
920 1945 1210 2001 paricidium,
1243 1946 1545 2001 protinusque
1578 1936 1786 2001 magum⁸
1818 1944 2054 2001 quendam

369 2010 557 2053 fratrem
589 2025 729 2053 suum
761 2012 1012 2053 transmisit
1044 2011 1105 2054 ad
1138 2011 1475 2068 perimendum.
1507 2011 1596 2054 Sed
1629 2012 1810 2054 interim
1841 2011 1928 2054 sibi
1958 2016 2054 2053 tam

370 2079 654 2134 perniciosus
682 2079 977 2120 transmissor
1002 2079 1116 2135 ipse,
1141 2078 1369 2135 paricidas
1396 2079 1609 2120 Hamone
1635 2092 1800 2120 manus
1827 2079 2054 2127 incitante,

370 2144 525 2202 gladio
547 2144 769 2188 furialiter
789 2146 1036 2202 euaginato
1058 2159 1146 2188 suo
1167 2159 1217 2188 se
1239 2159 1324 2188 sua
1346 2150 1511 2202 sponte
1533 2145 1723 2188 letaliter
1743 2145 1985 2188 wlnerauit
2006 2145 2054 2188 in

369 2212 558 2263 femore,
580 2213 800 2270 fratrique
823 2214 1125 2255 commoritur
1147 2214 1211 2255 sic
1234 2227 1343 2255 cum
1365 2214 1708 2263 commoriente,
1732 2227 1967 2270 penasque
1989 2213 2052 2255 sic

369 2281 776 2337 tempestiuissime
806 2280 924 2337 115Ἴ
952 2280 1114 2337 pendit
1131 2294 1214 2322 seu
1231 2281 1526 2337 preimperati
1543 2286 1637 2322 tam
1653 2280 1852 2322 crudelis
1869 2280 2053 2337 parisci-

370 2347 448 2397 dii,
468 2361 551 2389 seu
571 2348 904 2404 preperpetrati
924 2352 1020 2389 tam
1040 2347 1320 2390 detestabilis
1341 2347 1574 2404 sacrilegii.

433 2414 532 2468 [11.]
555 2415 624 2456 De
643 2415 874 2456 rarissime
893 2414 1126 2471 siquidem
1143 2414 1512 2471 contingentibus
1530 2420 1575 2456 et
1593 2419 1662 2456 est
1680 2419 1725 2456 et
1743 2427 1844 2456 esse
1861 2427 2053 2456 consue-

442 2691 453 2713 ¹
471 2696 689 2731 reuertende
705 2697 728 2731 S

441 2747 455 2770 ²
471 2753 517 2787 sit
533 2754 556 2787 S

440 2802 455 2825 ³
471 2811 494 2844 S
510 2810 562 2844 ad.
580 2810 638 2845 sui
654 2810 759 2856 before
774 2810 999 2845 successorio

440 2860 454 2882 ⁴
471 2866 625 2901 ridicule
642 2867 664 2901 S

440 2916 455 2939 ⁵
470 2932 540 2956 suo
555 2932 642 2956 suas
659 2923 681 2956 S

440 2973 454 2995 ⁶
471 2978 553 3012 talis
569 2979 592 3013 S

440 3027 455 3050 ⁷
471 3035 493 3069 S
509 3035 561 3068 ad.
579 3040 707 3069 auctor
722 3034 826 3081 before
842 3040 918 3068 tam

439 3084 454 3106 ⁸
470 3101 624 3137 magum
639 3091 762 3134 lustin,
776 3101 840 3125 om.
859 3091 882 3125 S
