2132 3346
258 1229 292 1254 70

257 1562 291 1588 75

255 2235 289 2260 85

357 143 447 184 166
583 151 771 185 SERIUM
793 152 1098 186 SENECTUTIS

357 276 568 325 ticorum,
584 277 633 318 ni
651 275 904 333 displiceat,
921 278 1130 319 virorum
1147 278 1297 320 varias
1315 271 1449 320 circa1
1469 278 1775 322 diffiniciones
1794 281 1945 322 anime
1962 280 2039 323 uel

357 342 696 399 descripciones
716 343 919 386 humane
939 345 1206 386 sentencias.

420 408 492 463 [3.]
514 409 791 452 Uenerande
830 411 1072 453 vetustatis
1112 425 1140 453 a
1180 416 1388 468 tempore
1428 413 1664 468 primitiuo
1704 414 1951 470 precipuus
1991 415 2040 457 in

356 475 664 532 philosophia,
678 476 1026 533 plurimumque
1039 477 1225 534 placens
1240 477 1366 520 Plato
1380 479 1710 522 sentencialiter
1724 481 1927 522 animam
1940 479 2039 523 fore

356 542 537 584 dicebat
567 543 822 585 essenciam
853 557 954 585 sese
986 549 1266 586 mouentem.
1297 544 1387 587 Sed
1418 545 1676 588 Aristotiles
1707 547 1910 589 animam
1940 546 2039 589 fore

356 608 537 651 dicebat
556 609 875 659 endelichiam,
894 609 1146 666 perfectam
1165 610 1333 653 scilicet
1351 611 1562 654 formam.
1583 613 1814 669 Pitagoras
1833 613 2038 670 quidem,

355 675 534 732 sibique
563 677 861 718 consenciens
891 676 1136 727 Philolaus,
1165 678 1369 720 animam
1397 677 1496 720 fore
1526 678 1739 721 dixerunt
1768 680 2038 730 armoniam,

354 743 653 785 concordiam
675 743 845 786 scilicet
866 743 943 786 uel
964 745 1332 787 consonanciam.
1356 737 1673 788 Pollodonius²
1695 746 1878 803 ydeam,
1900 747 2038 789 visio-

354 824 462 852 nem
476 810 703 860 videlicet,·
716 810 1017 867 Asclepiades
1031 812 1235 854 animam
1247 811 1346 854 fore
1359 811 1539 854 dicebat
1551 813 1822 856 exercicium
1834 814 2038 870 quinque

355 891 579 919 sensuum
606 877 694 920 sibi
719 891 992 920 consonum.
1020 878 1110 920 Sed
1138 878 1384 936 Ypocrates
1412 880 1615 922 animam
1641 878 1740 922 fore
1767 879 1947 923 dicebat
1974 885 2037 923 te-

354 958 496 986 nuem
510 945 725 1001 spiritum
738 959 822 1002 per
833 959 1004 1002 corpus
1018 959 1157 987 omne
1170 945 1446 1003 dispersum.
1461 946 1664 988 Phisicus
1678 946 1826 989 aiebat
1838 947 2038 990 Heracli-

355 1002 449 1053 tus³
473 1012 677 1054 animam
700 1011 893 1054 stellaris
917 1013 1120 1055 essencie
1143 1012 1398 1055 scintillam.
1421 1013 1511 1056 Sed
1535 1006 1813 1057 Heraclitus⁴
1836 1013 2038 1071 philoso-

354 1078 476 1135 phus
494 1080 699 1121 animam
716 1079 897 1122 dicebat
914 1079 1077 1122 lucem.
1096 1080 1256 1122 Zenon
1273 1080 1421 1122 aiebat
1437 1082 1640 1123 animam
1656 1086 1921 1124 concretum
1938 1081 2037 1124 fore

353 1147 560 1203 corporis
587 1147 815 1203 spiritum.
840 1147 1062 1204 Spiritum
1087 1148 1378 1190 Democritus
1404 1148 1601 1190 athomis
1628 1148 1776 1191 aiebat
1801 1149 2037 1199 insertum,

354 1227 439 1255 sua
456 1214 520 1255 sic
537 1212 752 1255 facilitate
768 1219 951 1256 motum
967 1214 1096 1270 quod
1114 1213 1178 1256 illi
1193 1228 1363 1271 corpus
1381 1229 1519 1257 omne
1535 1216 1599 1257 sic
1617 1216 1842 1272 pervium.
1859 1215 2038 1258 Critho-

354 1279 454 1321 laus
472 1294 585 1321 vero
602 1285 907 1336 perypatecus
925 1281 1129 1323 animam
1146 1280 1207 1323 de
1223 1282 1382 1337 quinta
1399 1287 1608 1324 constare
1625 1282 1805 1324 dicebat
1820 1283 2036 1325 essencia.

352 1345 442 1388 Sed
478 1345 596 1402 143⁹!
628 1347 834 1403 Yparcus
855 1348 1060 1389 animam
1081 1347 1261 1389 dicebat
1281 1348 1449 1403 ignem,
1470 1348 1553 1390 sed
1575 1349 1849 1390 Axiemenes
1870 1362 2037 1398 aerem,

353 1413 525 1454 Cricias
543 1418 588 1454 et
605 1412 908 1470 Empedocles
927 1414 1180 1470 saguinem.
1199 1414 1493 1456 Parmenides
1509 1429 1564 1456 ex
1583 1420 1700 1457 terra
1716 1414 1855 1457 simul
1870 1420 1915 1457 et
1932 1415 2037 1472 igne

352 1485 563 1521 constare
580 1479 761 1522 dicebat
777 1481 995 1530 animam,
1011 1480 1287 1523 Xenofantes
1304 1495 1358 1523 ex
1377 1486 1494 1523 terra
1510 1481 1649 1523 simul
1665 1487 1709 1523 et
1726 1495 1859 1538 aqua,
1875 1482 2036 1524 Boetes

353 1560 407 1588 ex
430 1560 534 1588 aere
555 1546 695 1589 simul
716 1552 761 1589 et
783 1547 901 1603 igne.
923 1547 1013 1589 Sed
1036 1547 1258 1604 Epicurus
1280 1561 1335 1589 ex
1358 1548 1462 1604 igne
1485 1549 1685 1604 speciem
1707 1548 1845 1590 simul
1866 1553 1911 1590 et
1933 1561 2037 1590 aere

353 1614 610 1670 spirituque
628 1614 821 1656 mixtam
839 1613 1020 1656 dicebat
1039 1615 1254 1656 animam.
1275 1614 1493 1671 Uirgilius
1513 1629 1639 1664 uero,
1657 1621 1900 1672 poetarum
1918 1616 2035 1672 peri-

353 1681 573 1730 tissimus,
591 1681 744 1722 anime
762 1686 976 1723 naturam
994 1681 1421 1723 commendabiliter
1439 1682 1675 1723 insinuans
1695 1683 1758 1723 sic
1778 1683 1851 1724 ait:
1871 1682 2035 1738 Igneus

352 1752 421 1789 est
436 1747 500 1789 illi
513 1748 648 1803 vigor
661 1753 707 1789 et
721 1747 900 1790 celestis
914 1762 1097 1804 ymago.
1113 1749 1183 1790 Sic
1198 1753 1243 1790 et
1258 1749 1434 1804 Yparco
1450 1762 1630 1790 necnon
1643 1754 1687 1790 et
1702 1749 1883 1805 utrique
1898 1748 2036 1791 simul

352 1814 598 1863 Heraclito,
620 1814 796 1856 Platoni
817 1828 998 1857 necnon
1019 1820 1064 1856 et
1086 1815 1293 1871 Pitagore
1314 1829 1425 1857 sane
1446 1815 1630 1857 videtur
1652 1816 1908 1872 inspicienti
1928 1829 2036 1858 con·

352 1881 531 1923 sentire.

416 1947 487 2003 [4.]
509 1949 876 2006 Verumptamen
889 1949 1018 2006 quod
1034 1949 1357 1992 admiracionis
1373 1963 1539 2007 magne
1554 1949 1692 1992 michi
1707 1955 1866 1992 mouet
1879 1950 2035 1992 incita-

352 2016 516 2066 tiuum,
533 2017 1014 2074 consternacionisque
1032 2031 1128 2059 non
1144 2018 1298 2059 minus
1315 2017 1552 2059 coacerbat
1570 2018 1879 2067 excitatiuum,
1896 2017 2035 2060 simul

351 2098 514 2126 omnes
534 2085 687 2126 anime
705 2085 838 2141 quasi
856 2084 1206 2127 confederaliter
1225 2085 1546 2127 inmortalitate
1565 2099 1745 2127 necnon
1762 2090 1806 2127 et
1826 2086 2035 2142 incorpo-

351 2152 509 2194 reitate
554 2151 900 2194 dissensionum
945 2159 1220 2209 qua<s>que
1264 2153 1374 2194 citra
1419 2152 1725 2195 turbulencias
1770 2151 2035 2209 philosophi

350 2220 663 2269 consenciunt,
680 2233 775 2276 quo
792 2219 984 2276 quidem
1002 2221 1251 2262 iustissime
1268 2221 1495 2262 remocius
1513 2219 1783 2276 philosofice
1800 2219 2034 2276 dignitatis

351 2285 410 2328 ab
433 2286 748 2343 appellacione
772 2300 856 2328 sue
880 2286 967 2328 sibi
990 2286 1210 2343 speciales
1234 2287 1327 2328 vite
1351 2286 1593 2328 vitalitates
1618 2286 1854 2329 Phariseos
1878 2300 2034 2328 aman-

351 2352 475 2395 dent.
495 2353 546 2395 Id
566 2358 723 2395 autem
742 2353 881 2396 michi
899 2367 1066 2410 magne
1085 2353 1268 2411 pridem
1286 2353 1372 2396 fuit
1390 2359 1434 2396 et
1453 2353 1605 2396 adhuc
1624 2359 1692 2395 est
1711 2353 2033 2395 admiracionis

351 2421 593 2477 sepissime
614 2421 911 2477 repetitiuum
933 2420 1061 2477 quod
1084 2420 1337 2463 humanam
1360 2421 1599 2463 dumtaxat
1621 2421 1830 2463 homines
1853 2419 2033 2463 indiffe-

350 2492 501 2529 renter
522 2488 727 2530 animam
747 2487 887 2530 simul
908 2502 1070 2530 omnes
1093 2489 1353 2545 opinantur,
1374 2502 1534 2545 ymmo
1555 2489 1805 2530 certissime
1825 2487 2033 2536 credunt,

350 2554 433 2596 sed
455 2559 500 2596 et
520 2555 635 2596 scire
654 2555 765 2596 citra
786 2554 1130 2596 dubitacionem
1150 2554 1424 2611 profitentur
1444 2555 1492 2596 in
1510 2554 1832 2596 inmortalitate
1852 2553 2034 2610 priuile-

351 2621 535 2678 giatam,
552 2635 661 2663 cum
678 2626 936 2663 ceterorum
955 2622 1142 2678 spiritus
1161 2626 1205 2663 et
1223 2622 1399 2663 animas
1418 2621 1686 2663 animalium
1703 2622 1799 2663 suis
1817 2635 1908 2663 vna
1925 2634 2033 2663 cum

423 2866 434 2888 ¹
451 2872 540 2907 citra
557 2873 580 2907 S

422 2922 436 2945 ²
452 2928 693 2963 Pollodonius
709 2929 744 2969 S,
760 2928 982 2963 Posidonius
996 2928 1192 2962 Macrobius

422 2978 437 3001 ³
452 2984 617 3019 Phisicus
711 2984 930 3028 Heraclitus]
952 2984 1117 3019 Phisicus
1210 2984 1401 3018 Heraclius
1421 2985 1455 3024 S,
1475 2983 1687 3018 Heraclides
1709 2983 1928 3028 (Heraclitus
1946 2983 2030 3027 var.)

350 3040 520 3074 Ponticus
535 3040 731 3074 Macrobius
749 3040 812 3086 (Cfi
829 3041 908 3074 8.79
924 3040 1050 3082 below.)

421 3090 436 3112 ⁴
452 3096 658 3131 Heraclitus
674 3096 880 3137 Macrobius,
897 3096 1088 3130 Heraclius
1104 3097 1127 3130 S
