2158 3366
303 288 337 313 35

301 622 335 647 40

299 955 334 980 45

297 1626 331 1651 55

294 2298 328 2323 65

293 2633 327 2658 70

398 138 457 179 58
594 147 782 181 SERIUM
803 148 1108 182 SENECTUTIS

399 271 713 323 deliramenta,
727 274 855 330 quod
871 275 1017 316 eciam
1032 274 1230 317 deorum
1244 275 1550 318 derisibilibus
1565 278 1810 334 antiquitas
1827 278 1944 334 (uel
1932 293 1980 321 1n
1993 279 2080 322 hoc

398 353 509 381 sane
542 339 896 397 subsannabilis)
933 341 1060 398 olym
1093 341 1283 398 laguens
1318 342 1406 384 sub
1438 343 1787 400 pluralitatibus,
1821 345 2079 388 ridiculosis

398 407 543 448 eciam
581 406 967 463 cachynnabiliter
1004 413 1049 450 et
1088 409 1382 465 ymaginariis
1422 410 1689 467 insaniaque
1726 412 1953 454 comitatis
1992 412 2080 454 sub

397 473 760 523 enormitatibus,
799 488 910 516 suos
949 475 1190 531 sepissime
1229 475 1343 518 deos
1381 482 1606 518 memoret
1644 476 1848 520 offensos
1886 477 2080 521 fataliter

397 539 710 596 penaliterque
722 541 962 597 puniuisse
975 541 1273 598 quamplures
1286 548 1475 598 propter
1486 543 1739 593 mendacia,
1752 545 2080 600 preuaricacio-

397 620 603 662 numque
627 621 723 648 non
746 608 900 649 minus
925 609 1336 665 peccaminumque
1361 614 1550 665 propter
1572 611 1794 666 contagia.
1819 611 1939 653 Licet
1963 617 2008 654 et
2032 612 2080 654 in

396 672 483 714 hoc
518 673 760 715 manifeste
793 688 929 716 suam
964 674 1110 730 (salua
1145 680 1300 717 tamen
1332 689 1516 732 semper
1549 681 1600 718 ut
1634 676 1765 719 decet
1798 678 2078 734 antiquitatis

396 740 674 795 reuerencia)
699 740 927 782 detexisse
947 742 1048 782 visa
1069 741 1206 783 fuerit
1227 742 1524 798 impericiam,
1545 743 1673 799 quod
1696 743 1818 800 ligna
1840 743 2078 801 lapidesue

396 805 471 847 uel
491 806 674 848 metalla
693 806 881 849 credere
901 809 1102 863 potuerit
1121 809 1300 850 moueri
1319 822 1402 865 per
1421 809 1719 852 iracundiam.

460 872 531 926 [3.]
554 874 734 915 Notum
755 873 962 930 profecto
984 875 1093 916 satis
1115 880 1160 916 et
1181 876 1230 917 in
1249 875 1346 917 vdo
1367 889 1478 917 sane
1499 876 1797 919 sentientibus
1821 877 1920 933 (nec
1942 877 2005 927 id,
2026 883 2078 920 ut

396 953 611 995 auguror,
628 940 820 982 inficiari
835 940 1055 997 volueris)
1074 941 1202 998 quod
1220 942 1468 998 spiritualis
1485 942 1559 984 ille
1576 943 1830 1000 soliloquus
1846 944 2078 987 ecclesias-

395 1007 604 1063 ticusque
631 1007 939 1064 philosophus
967 1008 1107 1064 plano
1134 1023 1230 1050 non
1256 1010 1409 1051 minus
1436 1024 1578 1066 quam
1605 1011 1782 1052 sincero
1809 1025 2078 1054 sermonum

395 1078 594 1115 scemate
607 1075 703 1116 suis
716 1075 915 1116 inserere
928 1076 1056 1117 seriis
1071 1075 1266 1132 dignum
1279 1075 1407 1118 ducit
1419 1077 1766 1126 assercionibus,
1778 1078 2077 1120 incircumue·

394 1140 582 1182 nibilem
602 1155 934 1198 summumque
955 1143 1128 1184 summi
1148 1142 1322 1185 licentis
1342 1149 1387 1185 et
1407 1144 1587 1200 imperii
1608 1144 1948 1187 moderatorem
1967 1159 2077 1202 que-

395 1209 515 1250 muis
539 1209 950 1251 exterminaturum
973 1209 1071 1251 fore
1094 1224 1380 1267 supervacue
1404 1212 1720 1260 mencientem,
1743 1226 2077 1269 perperamque

394 1275 644 1331 quemlibet
668 1275 788 1318 male
811 1276 1046 1332 liguosum
1071 1291 1155 1319 sua
1180 1277 1296 1319 dum
1320 1278 1436 1320 viuit
1460 1279 1508 1320 in
1530 1279 1624 1320 vita
1649 1278 1943 1321 directurum.
1968 1279 2078 1322 Non

394 1347 550 1384 autem
571 1342 868 1399 multomagis
890 1345 1128 1385 communi
1149 1358 1252 1386 reor
1272 1350 1341 1386 est
1362 1359 1388 1386 a
1409 1346 1675 1401 cognicione
1696 1351 1927 1388 remotum
1947 1346 2075 1403 quod

394 1408 520 1451 idem
544 1410 748 1451 veritatis
773 1424 898 1452 mere
924 1410 1165 1452 dumtaxat
1189 1411 1460 1468 astipulator
1483 1417 1528 1453 et
1553 1413 1712 1454 asserit
1735 1418 1780 1454 et
1805 1412 2078 1470 astipulatur

393 1476 521 1532 quod
538 1490 684 1518 vanos
701 1476 945 1519 hominum
961 1477 1082 1519 filios
1099 1478 1437 1535 mendacesque
1453 1479 1549 1520 suis
1566 1479 1806 1522 medianos
1822 1480 1870 1522 in
1885 1481 2076 1530 stateris,

393 1543 759 1599 superficialibus
777 1545 954 1586 iusticie
971 1544 1185 1586 videlicet
1201 1546 1425 1602 vanisque
1443 1545 1771 1596 libraminibus,
1787 1560 1882 1603 quo
1898 1546 2075 1589 facilius

393 1624 475 1666 per
491 1611 643 1652 inania
659 1611 849 1667 solaque
866 1625 948 1668 per
964 1611 1269 1668 superficialia
1285 1612 1442 1654 fallant
1458 1618 1503 1655 et
1518 1612 1804 1655 efficacius—
1822 1613 1889 1670 15ν
1903 1614 1910 1670 Ι
1938 1613 2013 1656 uel
2029 1615 2077 1656 in

393 1678 570 1719 stateris
591 1678 838 1720 mendaces
861 1678 974 1733 (suis
994 1679 1163 1720 scilicet
1183 1680 1230 1721 in
1250 1681 1476 1721 mensuris
1497 1680 1572 1721 uel
1592 1680 1892 1736 ponderibus)
1913 1694 2016 1736 que,
2036 1682 2075 1723 si

393 1743 595 1799 duplicia
616 1744 786 1786 fuerint
807 1745 867 1786 ad
889 1744 1146 1787 fallendum
1167 1746 1242 1787 uel
1264 1746 1695 1802 dampnificandum
1715 1748 2074 1789 circumuenien-

393 1810 569 1861 dumue
586 1811 763 1860 dolosa,
779 1825 1019 1853 summum
1034 1826 1218 1868 semper
1233 1826 1374 1869 penes
1390 1813 1627 1855 arbitrium
1642 1813 1751 1855 solis
1767 1813 2074 1856 indifferentia

392 1883 498 1919 sunt
513 1877 1204 1921 abhominacionibus—summa
1220 1879 1413 1922 destinet
1428 1880 1604 1922 deitatis
1620 1881 1845 1936 sapiencia
1860 1880 2073 1937 penalita-

392 1944 525 1985 tibus.

455 2010 526 2064 [4.]
549 2011 686 2053 Unde
722 2017 829 2068 post
865 2012 976 2054 tales
1014 2012 1174 2054 talium
1210 2013 1560 2069 reprobaciones
1596 2014 1655 2055 de
1691 2013 1811 2055 facto
1848 2013 1993 2056 taliter
2028 2015 2076 2056 in

390 2076 572 2120 factoue
590 2079 938 2128 menciencium,
957 2079 1150 2121 domino
1169 2094 1218 2121 se
1235 2080 1377 2122 semel
1395 2081 1494 2122 Deo
1512 2080 1726 2137 loquente
1743 2080 2074 2138 subsequenter

391 2145 628 2202 professus
648 2151 717 2188 est
737 2146 924 2189 audisse
943 2146 1071 2204 quod
1092 2147 1176 2189 Dei
1197 2147 1395 2204 (scilicet,
1415 2147 1588 2190 licentis
1607 2147 1896 2206 absolutique
1915 2147 2074 2191 mode-

390 2214 569 2270 ratoris)
591 2214 842 2257 vlciscendi
862 2215 1160 2258 iudicandiue
1179 2216 1236 2258 sit
1256 2217 1460 2272 potentia
1480 2208 1648 2266 licens,l
1671 2221 1874 2273 potestas
1893 2221 1938 2259 et
1958 2216 2073 2259 arbi-

391 2283 539 2331 traria,
551 2282 773 2339 quodque
785 2283 1011 2325 socialiter
1023 2283 1083 2325 ad
1096 2283 1346 2340 expediens
1358 2284 1616 2326 vniuersale
1628 2284 1844 2341 predictis
1856 2284 2073 2326 coambu-

390 2349 450 2390 let
484 2350 811 2399 misericordia,
845 2350 1105 2392 secundum
1138 2365 1246 2392 suas
1279 2351 1462 2393 cuilibet
1495 2353 1790 2407 operaciones
1824 2351 1899 2393 uel
1932 2365 2072 2408 opera

390 2417 606 2457 meritum
653 2416 976 2458 mercedemue
1024 2418 1273 2459 rectissime
1320 2417 1571 2466 redditura,
1616 2409 2072 2474 subintelligendum²

389 2482 636 2524 bellissime
660 2483 921 2540 relinquens
945 2484 1073 2540 quod
1100 2485 1272 2526 meritis
1296 2476 1601 2526 cruciatuum³
1625 2486 1688 2526 sic
1713 2485 1990 2526 mencientes
2014 2485 2072 2526 sit

389 2549 774 2591 amaritudinibus
804 2550 924 2592 male
954 2550 1142 2592 tandem
1172 2551 1480 2592 molestatura.
1510 2552 1682 2593 Verum
1711 2565 1769 2593 ne
1797 2552 2070 2608 cuiusquam

388 2617 664 2659 cauillatoris
704 2617 974 2674 improbitas
1013 2619 1342 2660 contrarietatis
1382 2618 1442 2660 ad
1482 2619 1855 2661 inconcinnitates
1894 2618 2070 2660 trahere

388 2684 558 2725 nitatur
592 2684 667 2726 vel
701 2685 888 2733 vicium,
923 2685 1066 2726 semel
1101 2684 1315 2741 loquente
1349 2685 1448 2727 Deo
1483 2685 1610 2741 quod
1647 2685 1840 2727 audiens
1875 2685 2071 2727 audierit

388 2750 703 2793 exaudieritue
719 2751 925 2793 domino.
943 2751 1150 2794 Profecto
1167 2752 1268 2794 licet
1284 2752 1527 2794 hominum
1542 2766 1734 2794 censura
1751 2751 1907 2794 multis
1923 2751 2070 2794 homi-

462 2973 472 2994 ¹
491 2978 678 3025 licensque
695 2979 717 3013 S

461 3027 474 3049 ²
490 3035 560 3069 sub
577 3035 614 3069 in
632 3035 917 3081 intelligendum
935 3036 957 3069 S

460 3084 474 3106 ³
489 3091 732 3126 cruciatiuum
750 3093 773 3126 S
