2158 3366
301 709 336 733 70

301 1043 334 1068 75

298 2384 332 2409 95

280 2719 331 2744 100

397 159 456 199 52
592 167 780 200 SERIUM
802 167 1107 200 SENECTUTIS

398 291 622 347 derogare
639 291 716 333 uel
733 291 978 333 verbaliter
995 291 1233 333 aduersari
1251 294 1626 349 presumpsisses.
1646 294 1834 343 Reuera,
1865 293 1933 350 12ν
1947 295 1954 351 Ι
2001 295 2079 336 vix

398 357 572 414 aliquid
611 357 757 414 (quod
793 359 833 400 si
868 363 1106 400 sensatum
1142 372 1327 415 saperes
1363 359 1665 416 predidicisse
1700 360 1956 417 debuisses)
1993 360 2080 404 fuit

398 424 685 466 ordinarium
701 424 830 481 quod
847 439 1185 482 perproperum
1199 424 1336 468 fuerit
1350 425 1425 468 vel
1440 427 1775 483 precipitatum.
1790 427 1861 469 Sic
1876 428 2014 484 igitur
2029 433 2080 470 tu

398 491 479 533 tibi
493 492 598 541 tuis,
613 496 665 533 ut
680 506 896 548 auguror,
910 492 959 534 in
973 491 1164 548 agendis
1180 493 1334 534 minus
1349 492 1579 535 ordinarie
1593 493 1840 550 prouidisti
1854 493 1971 536 dum
1985 499 2080 537 tam

397 559 721 615 precipitanter
753 559 802 601 in
833 560 1101 615 preassertis
1134 564 1409 602 assertorem
1442 560 1686 617 reprobare
1718 574 1814 603 non
1844 560 2080 611 erubuisti,

397 626 639 682 presertim
653 639 762 667 cum
775 626 979 667 veritatis
994 626 1241 668 sinceritati
1254 625 1500 668 bellissime
1515 627 1605 669 sint
1619 627 1885 677 accomoda,
1898 628 2080 685 sintque

396 691 605 733 falsitatis
624 691 804 734 feditati
821 691 1033 734 funditus
1052 693 1339 749 inpermixta,
1357 693 1441 735 sed
1460 698 1505 735 et
1523 693 1837 736 indifferenter
1853 695 2080 737 vniuersis

397 758 485 800 sub
504 758 601 800 sole
621 758 902 815 spirantibus
922 758 1149 801 medianis
1169 758 1486 802 efficacissime
1505 760 1595 802 sint
1614 760 2029 817 expedientissima.

461 824 532 879 [3.]
555 825 778 882 Copulari
801 839 962 867 reuera
986 825 1471 883 matrimonialiterque
1494 827 1712 884 coniungi
1735 827 1894 870 Iouem
1917 827 2080 870 Iunoni

396 897 465 934 est
484 891 959 949 expedientissimum,
977 906 1072 950 quo
1091 894 1366 950 tempestiue
1385 907 1493 936 suas
1511 895 1698 936 veniant
1716 894 1777 936 ad
1796 895 2080 937 maturitates

396 973 487 1016 que
503 960 843 1016 pernecessaria
860 965 969 1002 sunt
986 961 1051 1002 eis
1069 960 1130 1002 ad
1147 974 1299 1003 vsum.
1317 961 1553 1017 Tantoque
1569 962 1690 1003 viuis
1707 966 1776 1004 est
1793 961 2080 1018 expedienci-

396 1041 452 1068 us
470 1027 519 1068 in
534 1026 623 1068 sub
639 1026 789 1068 lodice
807 1026 1021 1083 gerendis
1038 1041 1124 1069 sua
1141 1028 1304 1069 sociari
1320 1041 1428 1069 cum
1444 1028 1620 1070 Venere
1635 1027 1891 1078 chanum,
1906 1033 2080 1085 quanto

396 1093 622 1135 salubrior
646 1098 715 1135 est
739 1098 784 1135 et
808 1093 1039 1135 efficacior
1063 1093 1124 1135 ad
1150 1095 1407 1150 genituram
1431 1095 1593 1144 coitus,
1617 1094 1740 1136 calor
1763 1094 1824 1137 ad
1848 1094 2079 1137 effectum.

395 1160 494 1201 Nec
513 1161 668 1202 minus
687 1159 798 1202 vtile
817 1159 1144 1202 sublunaribus
1163 1166 1233 1202 est
1253 1160 1313 1202 ad
1333 1160 1622 1217 modumque
1641 1160 1931 1204 fructuosum
1950 1161 2078 1218 quod

395 1226 711 1268 contubernali
728 1241 813 1269 sua
829 1241 938 1269 cum
955 1226 1112 1269 Cibele
1128 1226 1405 1284 legittimum
1421 1241 1529 1269 sene
1547 1242 1684 1270 senex
1700 1228 1922 1270 Saturnus
1938 1228 2080 1270 socie-

397 1299 470 1335 tur
486 1293 546 1335 ad
563 1293 834 1343 colludium,
849 1308 944 1350 quo
960 1308 1046 1336 sua
1062 1295 1126 1336 sic
1143 1299 1359 1351 operetur
1374 1308 1588 1336 morosus
1604 1295 1652 1336 in
1667 1294 1858 1337 muliere
1873 1295 2079 1345 maritus,

395 1366 447 1402 ut
463 1360 549 1402 sibi
566 1361 788 1402 sociatam
804 1360 1025 1402 brumalis
1043 1361 1172 1417 algor
1186 1362 1368 1403 Saturni
1384 1361 1472 1403 sub
1488 1362 1631 1403 exicio
1647 1362 1941 1418 constringat,
1956 1362 2078 1404 Iouis

395 1441 499 1468 eam
530 1441 612 1468 ver
644 1427 732 1469 sub
763 1428 859 1469 risu
891 1427 1043 1469 laxare
1074 1433 1248 1484 pergat,
1279 1433 1400 1469 estas
1432 1427 1557 1469 illam
1588 1428 1762 1470 chani
1793 1428 1881 1470 sub
1910 1429 2080 1470 vertice

396 1493 607 1543 desiccet!
646 1507 741 1550 quo
781 1495 1056 1550 tempestiue
1096 1494 1499 1551 temporaliterque
1538 1494 1727 1536 tandem
1765 1495 1952 1537 Iunonis
1991 1494 2080 1537 sub

394 1560 612 1603 vberibus
639 1561 646 1618 Ι
659 1560 702 1603 3‘
716 1561 723 1618 Ι
748 1560 947 1603 eandem
960 1553 1263 1618 autumpnus¹
1279 1562 1627 1619 progenitorum
1639 1562 1900 1604 maturitate
1910 1575 2079 1604 venus-

395 1633 470 1670 tet.
492 1628 582 1670 Sed
604 1633 649 1670 et
670 1628 731 1670 ad
753 1627 995 1670 vtilitatem
1016 1629 1109 1671 iam
1130 1628 1237 1671 facit
1258 1620 1463 1685 Ianique²
1483 1630 1777 1686 Argioneque
1797 1615 2078 1686 coniugium,

395 1696 586 1752 repetita
609 1695 767 1753 (quam
787 1695 947 1738 crebro
967 1696 1206 1752 miramur)
1229 1701 1494 1753 temporum
1513 1710 1598 1753 pro
1619 1697 1823 1738 nouitate
1842 1696 2078 1739 mediano-

395 1777 512 1804 rum.

423 1863 426 1869 ,
459 1829 530 1884 [4.]
553 1831 622 1871 De
633 1835 799 1880 cetero,
810 1835 931 1872 certe
942 1831 1222 1872 conveniens
1234 1835 1303 1872 est
1314 1835 1359 1872 et
1370 1830 1764 1880 commendabilis,
1775 1831 2079 1872 vniuersitati-

395 1911 485 1954 que
504 1897 815 1939 subsolarium
835 1898 944 1939 satis
964 1897 1215 1954 expediens
1235 1903 1304 1939 est
1323 1903 1368 1939 et
1386 1897 1523 1947 vtilis'
1542 1897 1791 1954 Philologie
1809 1897 2079 1954 cursilisque

395 1963 558 2006 Cilenii
582 1965 776 2006 societas
800 1964 1162 2007 matrimonialis.
1187 1964 1392 2007 Admeto
1417 1964 1621 2021 quidem,
1644 1964 1783 2007 Phicii
1806 1978 1902 2007 non
1923 1964 2077 2007 minus

394 2030 555 2072 fauore
572 2045 714 2087 quam
730 2032 911 2073 Tirincii
928 2031 1199 2081 subsidiato,
1216 2046 1350 2073 suam
1367 2031 1453 2073 sibi
1470 2031 1695 2073 socialiter
1710 2031 1952 2073 adlaterari
1968 2045 2078 2073 sane

395 2103 605 2139 sensatus
638 2098 871 2140 Alcestem
903 2099 980 2140 vix
1013 2098 1187 2155 aliquid
1220 2098 1517 2140 humanitatis
1550 2098 1766 2140 accedere
1798 2102 1984 2155 negaret
2015 2097 2076 2140 ad

393 2164 649 2215 vtilitatem,
671 2179 766 2222 quo
788 2164 1120 2207 dissidentibus
1141 2164 1248 2208 feris
1271 2164 1332 2207 ad
1353 2179 1541 2208 currum
1561 2165 1829 2215 coniunctis,
1848 2164 2077 2222 coniugali

394 2233 617 2274 sorciatur
635 2233 684 2275 in
701 2232 924 2275 sodalicio
943 2232 1175 2275 salubrem
1193 2232 1279 2275 sibi
1297 2233 1407 2275 satis
1426 2233 1776 2275 animositatem.
1795 2233 1906 2275 Non
1922 2233 2076 2275 minus

394 2301 539 2342 eciam
553 2300 628 2342 vel
642 2300 894 2343 honestatis
909 2300 1303 2358 contemplacione
1316 2301 1577 2343 communis
1591 2301 1897 2343 communiter
1909 2313 2077 2342 conue-

393 2368 523 2409 niens
541 2367 807 2410 hominibus
825 2373 894 2410 est
911 2373 956 2410 et
974 2367 1233 2424 appetibilis
1251 2373 1510 2410 contractus
1528 2369 1577 2410 in
1593 2367 1749 2410 medio
1767 2367 2077 2410 matrimonia·

394 2435 462 2485 lis,
493 2449 587 2492 quo
618 2436 781 2492 pocius
811 2449 954 2492 quam
984 2436 1142 2492 spuria
1173 2435 1375 2478 nothaue
1405 2435 1548 2492 prole,
1578 2434 1802 2492 probabili
1833 2434 2076 2477 medianus

393 2502 631 2544 habundet
646 2502 769 2544 orbis
785 2502 1110 2559 legittimaque.
1125 2503 1490 2559 Verumptamen
1503 2516 1662 2558 parem
1676 2516 1772 2544 non
1784 2501 1999 2544 omnibus
2014 2500 2075 2544 ad

393 2569 635 2611 vtilitatem
648 2569 724 2611 vel
737 2569 989 2611 honestatis
1004 2583 1100 2611 non
1112 2569 1290 2611 inficior
1304 2568 1365 2611 ad
1379 2568 1598 2611 effectum
1612 2569 1711 2625 pari
1725 2567 2076 2611 matrimonialia

393 2635 565 2677 cedunt
584 2637 632 2677 in
651 2637 818 2678 omine.

457 2702 528 2757 [5.]
551 2703 662 2745 Non
694 2708 850 2745 autem
883 2702 1110 2745 medianis
1143 2716 1246 2745 reor
1277 2702 1656 2744 raciocinantibus
1689 2702 1830 2744 animi
1862 2701 2075 2759 ligueque

393 2771 662 2826 coniugium
691 2771 852 2812 ceteris
883 2775 953 2812 est
983 2769 1093 2812 vtile
1124 2771 1278 2812 minus
1309 2769 1619 2826 expediensue
1650 2768 2074 2811 matrimonialibus.

393 2838 536 2893 Atqui
557 2836 718 2879 talium
740 2842 927 2894 tamque
946 2837 1327 2879 conveniencium
1347 2836 1599 2893 coniugalis
1620 2835 1938 2878 confederacio
1959 2835 2075 2877 duo-

466 3047 477 3069 ¹
495 3058 726 3099 autumpnus
741 3053 790 3087 ed.

465 3102 479 3125 ²
496 3110 647 3156 Ianique
661 3110 710 3144 ed.
