2132 3346
257 1035 309 1060 690

257 1371 309 1396 695

258 1705 309 1730 700

257 2041 308 2066 705

257 2377 308 2402 710

257 2714 308 2738 715

372 151 462 192 114
598 158 786 192 SERIUM
807 158 1113 192 SENECTUTIS

371 284 467 326 rius
482 282 722 326 edificator
737 284 1022 340 inaniterque
1051 283 1168 340 125Ἴ
1195 283 1415 327 sollicitus
1430 284 1687 334 edificabat,
1702 284 1944 328 transferre
1958 299 2055 328 non

371 350 656 400 formidaret,
674 351 865 393 Iunonie
884 350 1116 407 religionis
1135 351 1184 393 in
1200 356 1470 408 contemptu
1488 357 1735 394 contumax
1754 357 1799 394 et
1818 352 1991 394 delirus
2009 357 2055 395 et

371 418 420 460 in
435 417 586 474 culpa,
603 418 727 460 mitis
744 423 814 460 est
831 422 994 474 postea
1011 417 1159 460 factus
1176 418 1556 475 aliquatenusque
1573 420 1756 475 sapiens
1774 418 2055 476 subsequen-

372 489 439 527 ter
457 485 506 526 in
523 498 656 541 pena.
675 484 860 541 Nempe
878 498 1136 541 numquam
1154 483 1243 527 tale
1262 490 1369 541 post
1386 484 1563 527 facinus
1581 484 1658 527 uel
1675 499 1863 527 enorme
1880 484 2055 528 factum

371 551 488 593 belle
502 552 576 593 sui
590 565 785 608 compos
800 550 944 593 fuisse
958 551 1035 593 uel
1049 551 1136 593 sibi
1150 565 1261 593 sane
1275 556 1524 608 postquam
1539 551 1770 608 peribetur
1783 552 2052 594 constitisse.

371 618 498 669 Quin
518 619 664 660 eciam
686 631 770 674 per
790 631 1026 660 summam
1047 632 1132 660 sue
1152 619 1318 660 mentis
1341 619 1542 660 animiue
1562 618 1867 661 valitudinem
1887 618 2055 661 dicitur

371 685 604 741 expirasse
627 698 736 727 cum
761 684 867 727 filiis
892 685 989 726 suis
1015 698 1133 741 quos
1158 684 1354 726 habebat
1377 698 1432 726 ex
1458 684 1643 727 duobus
1669 690 1776 727 tunc
1802 685 1851 727 in
1873 684 2054 727 Yllirico

371 751 671 793 militantibus
702 751 898 793 alterum
929 750 1152 793 defecisse
1182 752 1438 807 recepisset.
1470 752 1615 793 Cuius
1646 752 1711 793 rei
1740 765 1823 808 per
1851 765 2053 800 causam,

371 823 558 860 senatus
592 817 831 859 infortunii
863 831 947 874 per
980 822 1201 859 euentum
1234 822 1389 859 motus
1423 817 1599 874 tegulas
1634 818 1694 860 ad
1728 818 1896 860 Locros
1927 817 2054 860 vnde

371 884 587 926 translate
600 884 783 926 fuerant
796 884 1100 940 reportandas
1113 885 1306 934 curauit,
1320 884 1581 941 decretique
1594 885 2054 941 circumspectissima

371 952 435 993 sic
452 943 718 993 subtilitate1
736 956 832 993 tam
848 956 1264 1008 presumptuosum
1279 952 1481 993 censoris
1499 965 1618 1008 opus
1635 951 1874 994 obliterare
1890 965 2054 1008 procu-

371 1019 502 1060 rauit.
517 1018 695 1060 Uerum
709 1017 856 1060 Fuluii
870 1032 956 1075 pro
971 1017 1078 1060 filiis
1093 1018 1367 1060 anxietatem
1382 1017 1487 1075 plus
1503 1019 1676 1075 peccati
1690 1018 1791 1060 talis
1805 1017 2054 1060 contulisse

370 1085 607 1128 crederem
622 1091 776 1128 reatus
791 1091 836 1128 et
851 1085 971 1127 adeo
986 1085 1101 1127 leuis
1117 1085 1178 1127 ad
1194 1086 1490 1142 punicionem
1503 1099 1644 1142 quam
1659 1085 1841 1142 lapidee
1855 1090 2054 1142 potesta-

371 1158 465 1196 tem
484 1153 671 1196 Iunonis
691 1152 768 1195 uel
787 1167 890 1195 eree
909 1152 1122 1210 lapidum
1141 1158 1330 1210 propter
1349 1154 1649 1195 amocionem.

435 1220 535 1275 [44.]
557 1221 923 1277 Verumptamen
962 1220 1161 1262 eandem
1203 1220 1316 1276 (tam
1355 1221 1673 1262 commenticie
1713 1219 1966 1262 diuinitatis
2006 1220 2055 1262 in

370 1287 650 1329 vanitatibus
664 1301 775 1343 sepe
789 1287 894 1343 plus
909 1288 1032 1329 iusto
1045 1287 1406 1343 sompniculosa)
1423 1286 1559 1329 refert
1572 1288 1817 1343 antiquitas
1831 1287 2054 1329 Iunonem

371 1355 489 1396 iuste
511 1355 621 1396 satis
642 1359 688 1396 et
709 1353 820 1396 alias
842 1353 989 1395 ultam
1010 1353 1154 1395 fuisse
1174 1353 1396 1410 penaliter
1417 1354 1616 1395 iniurias.
1638 1354 1821 1410 Nempe
1841 1367 1950 1395 cum
1970 1366 2054 1395 sue

371 1435 448 1463 rex
460 1422 752 1478 Epirotarum
764 1421 916 1463 Pirrus
927 1421 1021 1463 vite
1032 1420 1257 1462 violentas
1270 1420 1481 1477 adeoque
1492 1420 1706 1462 sordidas
1718 1421 1834 1462 inter
1843 1419 2054 1469 vilitates,

371 1488 673 1530 Locrensibus
690 1488 748 1530 ab
763 1502 820 1530 eo
835 1489 884 1529 vi
899 1489 1068 1529 coactis
1084 1493 1129 1529 et
1145 1489 1323 1537 iniuria,
1338 1493 1603 1529 consecrato
1619 1488 1781 1529 Iunoni
1796 1488 1982 1529 Iunonis
1998 1500 2054 1529 ex

371 1555 588 1597 thesauro
618 1556 866 1597 Locrenses
895 1556 938 1596 ei
969 1554 1089 1611 (licet
1118 1555 1305 1610 invitos)
1336 1556 1555 1611 peccunie
1585 1568 1802 1611 magnam
1829 1555 2054 1610 coegisset

370 1635 614 1664 numerare
626 1622 942 1678 quantitatem,
956 1621 1073 1663 dum
1085 1621 1230 1678 preda
1242 1622 1522 1677 compotitus
1535 1620 1720 1670 nefaria,
1733 1620 1880 1677 predo
1892 1620 2055 1662 nefari-

370 1703 426 1730 us
446 1690 495 1730 in
514 1688 606 1730 alto
626 1689 865 1745 nauigaret
884 1693 929 1730 et
948 1694 1158 1738 onustus,
1178 1688 1328 1730 subite
1346 1689 1394 1730 vi
1414 1688 1697 1744 tempestatis
1716 1693 1761 1729 et
1782 1688 2055 1744 tempestiue

370 1756 532 1798 vicinis
551 1755 639 1798 dee
656 1761 752 1798 tota
769 1769 878 1798 cum
895 1755 1041 1797 classe
1059 1755 1285 1797 littoribus
1303 1760 1372 1797 est
1390 1755 1547 1797 illisus,
1566 1755 1643 1797 Est
1660 1760 1704 1797 et
1722 1755 1770 1796 in
1786 1754 1874 1796 hiis
1891 1767 2054 1810 peccu-

370 1823 446 1864 nia
464 1822 661 1864 totaliter
677 1821 920 1864 incolumis
938 1823 1124 1864 inventa
1141 1822 1411 1879 Iunoniique
1428 1821 1637 1863 custodie
1655 1821 1860 1863 thezauri
1875 1821 2054 1863 restitu-

371 1895 428 1932 ta.
456 1889 547 1932 Sed
575 1895 620 1932 et
648 1889 720 1932 hic
762 1889 875 1946 126¹}
913 1889 1127 1931 violentis
1154 1894 1402 1931 ventorum
1429 1879 1657 1930 censetur²
1684 1889 1732 1930 in
1758 1887 2053 1930 varietatibus

371 1957 668 2014 multomagis
689 1956 1015 2014 imputandam
1034 1970 1176 2013 quarn
1195 1961 1387 1998 ventose
1407 1957 1592 1998 Iunonis
1612 1956 1820 1997 varietati
1838 1955 2052 1997 vanitatis

370 2023 446 2066 uel
465 2025 676 2081 potencie
697 2023 836 2066 talem
855 2024 1076 2080 peccunie
1095 2024 1448 2065 restitucionem.

435 2090 534 2145 [45.]
557 2091 686 2133 Tales
715 2090 923 2148 profecto
951 2090 1123 2132 diuinis
1152 2090 1473 2132 decentissime
1501 2090 1658 2131 litteris
1686 2089 1928 2131 adnotatas
1955 2089 2053 2130 veri

369 2159 560 2215 viuique
577 2159 663 2200 Dei
679 2159 976 2215 numinisque
993 2172 1101 2200 vere
1120 2157 1267 2199 diuini
1284 2157 1400 2199 bene
1417 2157 1541 2206 noui,
1559 2157 1771 2213 nostique
1788 2170 1884 2198 non
1899 2156 2053 2198 minus

371 2226 436 2267 mi
455 2239 645 2267 consors
666 2230 711 2267 et
731 2230 795 2274 tu,
815 2230 986 2267 norunt
1005 2230 1050 2266 et
1071 2224 1236 2266 infiniti
1256 2223 1604 2266 mendaciorum
1625 2223 1876 2265 mendaciis
1895 2222 2054 2264 crebro

370 2292 637 2334 coambulas
650 2291 903 2349 crebroque
916 2291 1235 2333 subsecutiuas
1248 2291 1484 2332 vlcionum
1498 2290 1765 2347 penalitates
1777 2295 2053 2331 ceterorum-

370 2374 461 2417 que
474 2361 721 2402 criminum
736 2360 1021 2416 puniciones,
1035 2373 1318 2415 suarumque
1333 2358 1530 2400 deorum
1545 2372 1639 2400 non
1653 2358 1805 2400 minus
1820 2370 2052 2399 commen-

371 2428 583 2470 ticiorum
600 2428 945 2470 commenticias
963 2427 1234 2469 iniuriarum
1252 2426 1692 2482 mendaciorumque
1708 2430 2053 2481 ceterarumque

371 2496 789 2552 transgressionum
815 2494 1043 2537 vindictas
1070 2494 1366 2536 ulcionumve
1393 2494 1646 2535 varietates.
1674 2493 2052 2549 Uerumptamenl

370 2577 446 2604 me
465 2562 590 2619 quali
607 2562 733 2619 quali
752 2562 918 2611 iudice!
938 2567 1165 2603 terrorum
1183 2562 1279 2603 suis
1299 2561 1527 2603 censende
1547 2575 1641 2602 non
1659 2565 1766 2601 sunt
1785 2559 2053 2601 incussioni-

370 2629 457 2671 bus
472 2634 596 2671 tante
608 2629 684 2671 vel
697 2628 798 2671 talis
812 2628 1014 2671 efficacie
1027 2628 1156 2686 quod
1171 2627 1391 2685 loquendi
1404 2627 1572 2669 modos
1586 2632 1846 2684 peruertere
1858 2625 2053 2674 valeant!

370 2697 760 2738 contumaciterve
793 2696 958 2738 radant
992 2687 1216 2738 raciones³
1250 2696 1444 2737 racionis
1478 2694 1784 2751 analogistice'
1816 2694 2053 2734 varientue

370 2763 500 2806 fandi
514 2763 734 2820 regularis
748 2777 861 2805 vsus
875 2762 1223 2805 consuetudinis
1239 2762 1419 2804 diucius
1434 2767 1478 2803 et
1491 2761 1756 2818 approbate,
1770 2774 1903 2802 resue
1917 2759 2052 2802 rebus

444 2986 455 3008 ¹
473 2990 674 3024 subtilitate
690 2991 725 3031 S,
741 2989 931 3024 sanctitate
951 2989 1101 3023 Valerius

443 3040 457 3063 ²
472 3057 621 3081 censere
637 3048 660 3081 S

443 3096 457 3119 ³
473 3103 638 3138 raciones
653 3103 702 3137 ed.
