<?xml version="1.0" encoding="UTF-8"?>
<!DOCTYPE html PUBLIC "-//W3C//DTD XHTML 1.0 Transitional//EN"
    "http://www.w3.org/TR/xhtml1/DTD/xhtml1-transitional.dtd">
<html xmlns="http://www.w3.org/1999/xhtml" xml:lang="en" lang="en">
 <head>
  <title>
</title>
<meta http-equiv="Content-Type" content="text/html;charset=utf-8" />
  <meta name='ocr-system' content='tesseract 3.04.00' />
  <meta name='ocr-capabilities' content='ocr_page ocr_carea ocr_par ocr_line ocrx_word'/>
</head>
<body>
  <div class='ocr_page' id='page_1' title='image "./seriumsenectutis00eliauoft_0196.png"; bbox 0 0 2132 3346; ppageno 0'>
   <div class='ocr_carea' id='block_1_1' title="bbox 288 1027 322 1052">
    <p class='ocr_par' dir='ltr' id='par_1_1' title="bbox 288 1027 322 1052">
     <span class='ocr_line' id='line_1_1' title="bbox 288 1027 322 1052; baseline 0 0"><span class='ocrx_word' id='word_1_1' title='bbox 288 1027 322 1052; x_wconf 89' lang='lat'>10</span> 
     </span>
    </p>
   </div>
   <div class='ocr_carea' id='block_1_2' title="bbox 288 1428 323 1453">
    <p class='ocr_par' dir='ltr' id='par_1_2' title="bbox 288 1428 323 1453">
     <span class='ocr_line' id='line_1_2' title="bbox 288 1428 323 1453; baseline 0 0"><span class='ocrx_word' id='word_1_2' title='bbox 288 1428 323 1453; x_wconf 86' lang='lat'>15</span> 
     </span>
    </p>
   </div>
   <div class='ocr_carea' id='block_1_3' title="bbox 289 1763 323 1788">
    <p class='ocr_par' dir='ltr' id='par_1_3' title="bbox 289 1763 323 1788">
     <span class='ocr_line' id='line_1_3' title="bbox 289 1763 323 1788; baseline -0.029 0"><span class='ocrx_word' id='word_1_3' title='bbox 289 1763 323 1788; x_wconf 88' lang='grc'>20</span> 
     </span>
    </p>
   </div>
   <div class='ocr_carea' id='block_1_4' title="bbox 383 143 1123 186">
    <p class='ocr_par' dir='ltr' id='par_1_4' title="bbox 383 143 1123 186">
     <span class='ocr_line' id='line_1_4' title="bbox 383 143 1123 186; baseline 0.001 -1"><span class='ocrx_word' id='word_1_4' title='bbox 383 143 473 185; x_wconf 91' lang='grc'>180</span> <span class='ocrx_word' id='word_1_5' title='bbox 609 151 797 185; x_wconf 82' lang='lat' dir='ltr'><strong>SERIUM</strong></span> <span class='ocrx_word' id='word_1_6' title='bbox 819 152 1123 186; x_wconf 76' lang='lat' dir='ltr'>SENEcTuTffi</span> 
     </span>
    </p>
   </div>
   <div class='ocr_carea' id='block_1_5' title="bbox 1006 271 1447 318">
    <p class='ocr_par' dir='ltr' id='par_1_5' title="bbox 1006 271 1447 318">
     <span class='ocr_line' id='line_1_5' title="bbox 1006 271 1447 318; baseline 0 0"><span class='ocrx_word' id='word_1_7' title='bbox 1006 271 1165 318; x_wconf 87' lang='lat' dir='ltr'>LIBER</span> <span class='ocrx_word' id='word_1_8' title='bbox 1186 271 1447 318; x_wconf 89' lang='lat' dir='ltr'><strong>DECIMUS</strong></span> 
     </span>
    </p>
   </div>
   <div class='ocr_carea' id='block_1_6' title="bbox 382 409 1532 1330">
    <p class='ocr_par' dir='ltr' id='par_1_6' title="bbox 383 409 1432 466">
     <span class='ocr_line' id='line_1_6' title="bbox 383 409 1432 466; baseline -0.001 -14"><span class='ocrx_word' id='word_1_9' title='bbox 383 410 466 452; x_wconf 87' lang='lat' dir='ltr'>Uir</span> <span class='ocrx_word' id='word_1_10' title='bbox 485 410 649 452; x_wconf 90' lang='lat' dir='ltr'>merito</span> <span class='ocrx_word' id='word_1_11' title='bbox 669 410 823 466; x_wconf 84' lang='lat' dir='ltr'>quiuis</span> <span class='ocrx_word' id='word_1_12' title='bbox 842 409 1102 452; x_wconf 89' lang='lat' dir='ltr'>censendus</span> <span class='ocrx_word' id='word_1_13' title='bbox 1122 410 1207 451; x_wconf 89' lang='lat' dir='ltr'>erit</span> <span class='ocrx_word' id='word_1_14' title='bbox 1225 423 1310 451; x_wconf 88' lang='lat' dir='ltr'>sua</span> <span class='ocrx_word' id='word_1_15' title='bbox 1329 409 1432 451; x_wconf 92' lang='lat' dir='ltr'>vilis</span> 
     </span>
    </p>

    <p class='ocr_par' dir='ltr' id='par_1_7' title="bbox 382 476 1485 599">
     <span class='ocr_line' id='line_1_7' title="bbox 382 476 1485 533; baseline -0.001 -14"><span class='ocrx_word' id='word_1_16' title='bbox 382 477 428 519; x_wconf 92' lang='lat' dir='ltr'>Si</span> <span class='ocrx_word' id='word_1_17' title='bbox 447 477 642 519; x_wconf 85' lang='lat' dir='ltr'>racionis</span> <span class='ocrx_word' id='word_1_18' title='bbox 662 490 802 533; x_wconf 89' lang='lat' dir='ltr'>egens</span> <span class='ocrx_word' id='word_1_19' title='bbox 822 476 960 519; x_wconf 85' lang='lat' dir='ltr'>fuerit</span> <span class='ocrx_word' id='word_1_20' title='bbox 979 490 1062 533; x_wconf 93' lang='lat' dir='ltr'>per</span> <span class='ocrx_word' id='word_1_21' title='bbox 1079 476 1220 518; x_wconf 92' lang='lat' dir='ltr'>verba</span> <span class='ocrx_word' id='word_1_22' title='bbox 1238 476 1485 525; x_wconf 85' lang='lat' dir='ltr'>verendus;</span> 
     </span>
     <span class='ocr_line' id='line_1_8' title="bbox 383 542 1391 599; baseline -0.001 -14"><span class='ocrx_word' id='word_1_23' title='bbox 383 544 424 585; x_wconf 91' lang='lat' dir='ltr'>Is</span> <span class='ocrx_word' id='word_1_24' title='bbox 444 557 530 585; x_wconf 90' lang='lat' dir='ltr'>sua</span> <span class='ocrx_word' id='word_1_25' title='bbox 549 548 731 585; x_wconf 86' lang='lat' dir='ltr'><strong>sensate</strong></span> <span class='ocrx_word' id='word_1_26' title='bbox 749 543 903 599; x_wconf 85' lang='lat' dir='ltr'>quiuis</span> <span class='ocrx_word' id='word_1_27' title='bbox 923 542 1025 584; x_wconf 84' lang='lat' dir='ltr'>fans</span> <span class='ocrx_word' id='word_1_28' title='bbox 1045 542 1218 585; x_wconf 86' lang='lat' dir='ltr'>famina</span> <span class='ocrx_word' id='word_1_29' title='bbox 1237 542 1391 584; x_wconf 82' lang='lat' dir='ltr'>fundit</span> 
     </span>
    </p>

    <p class='ocr_par' dir='ltr' id='par_1_8' title="bbox 382 608 1532 1052">
     <span class='ocr_line' id='line_1_9' title="bbox 382 608 1470 665; baseline -0.001 -14"><span class='ocrx_word' id='word_1_30' title='bbox 382 610 429 651; x_wconf 89' lang='lat' dir='ltr'>Si</span> <span class='ocrx_word' id='word_1_31' title='bbox 447 623 533 651; x_wconf 89' lang='lat' dir='ltr'>sua</span> <span class='ocrx_word' id='word_1_32' title='bbox 552 609 677 665; x_wconf 90' lang='lat' dir='ltr'>ligua</span> <span class='ocrx_word' id='word_1_33' title='bbox 696 609 842 651; x_wconf 91' lang='lat' dir='ltr'>libens</span> <span class='ocrx_word' id='word_1_34' title='bbox 862 610 1057 651; x_wconf 87' lang='lat' dir='ltr'>racionis</span> <span class='ocrx_word' id='word_1_35' title='bbox 1077 622 1217 665; x_wconf 90' lang='lat' dir='ltr'>opem</span> <span class='ocrx_word' id='word_1_36' title='bbox 1236 608 1323 650; x_wconf 90' lang='lat' dir='ltr'>sibi</span> <span class='ocrx_word' id='word_1_37' title='bbox 1341 613 1470 650; x_wconf 89' lang='lat' dir='ltr'>curat</span> 
     </span>
     <span class='ocr_line' id='line_1_10' title="bbox 383 674 1476 732; baseline -0.001 -15"><span class='ocrx_word' id='word_1_38' title='bbox 383 676 627 717; x_wconf 88' lang='lat' dir='ltr'>Associare</span> <span class='ocrx_word' id='word_1_39' title='bbox 646 675 855 732; x_wconf 86' lang='lat' dir='ltr'>loquens,</span> <span class='ocrx_word' id='word_1_40' title='bbox 873 689 1005 717; x_wconf 89' lang='lat' dir='ltr'>mens</span> <span class='ocrx_word' id='word_1_41' title='bbox 1025 680 1070 716; x_wconf 87' lang='lat' dir='ltr'>et</span> <span class='ocrx_word' id='word_1_42' title='bbox 1090 674 1330 716; x_wconf 90' lang='lat' dir='ltr'>mendacia</span> <span class='ocrx_word' id='word_1_43' title='bbox 1349 676 1476 724; x_wconf 85' lang='lat' dir='ltr'>uitet;</span> 
     </span>
     <span class='ocr_line' id='line_1_11' title="bbox 383 741 1439 790; baseline -0.001 -6"><span class='ocrx_word' id='word_1_44' title='bbox 383 742 429 784; x_wconf 88' lang='lat' dir='ltr'>Si</span> <span class='ocrx_word' id='word_1_45' title='bbox 447 746 610 784; x_wconf 86' lang='lat' dir='ltr'>renuat</span> <span class='ocrx_word' id='word_1_46' title='bbox 629 741 716 784; x_wconf 90' lang='lat' dir='ltr'>sibi</span> <span class='ocrx_word' id='word_1_47' title='bbox 735 742 947 784; x_wconf 91' lang='lat' dir='ltr'>conuiuis</span> <span class='ocrx_word' id='word_1_48' title='bbox 966 742 1215 783; x_wconf 91' lang='lat' dir='ltr'>conuiuere</span> <span class='ocrx_word' id='word_1_49' title='bbox 1233 754 1439 790; x_wconf 90' lang='lat' dir='ltr'>concors,</span> 
     </span>
     <span class='ocr_line' id='line_1_12' title="bbox 383 807 1532 865; baseline -0.001 -14"><span class='ocrx_word' id='word_1_50' title='bbox 383 809 435 851; x_wconf 92' lang='lat' dir='ltr'>In</span> <span class='ocrx_word' id='word_1_51' title='bbox 453 808 610 851; x_wconf 91' lang='lat' dir='ltr'>medio</span> <span class='ocrx_word' id='word_1_52' title='bbox 631 808 890 858; x_wconf 86' lang='lat' dir='ltr'>medianus,</span> <span class='ocrx_word' id='word_1_53' title='bbox 910 813 1107 865; x_wconf 88' lang='lat' dir='ltr'>agatque</span> <span class='ocrx_word' id='word_1_54' title='bbox 1125 809 1250 850; x_wconf 89' lang='lat' dir='ltr'>vices</span> <span class='ocrx_word' id='word_1_55' title='bbox 1269 807 1356 850; x_wconf 86' lang='lat' dir='ltr'>sibi</span> <span class='ocrx_word' id='word_1_56' title='bbox 1374 822 1532 857; x_wconf 89' lang='lat' dir='ltr'>vanas,</span> 
     </span>
     <span class='ocr_line' id='line_1_13' title="bbox 384 874 1403 918; baseline -0.001 0"><span class='ocrx_word' id='word_1_57' title='bbox 384 876 659 918; x_wconf 91' lang='lat' dir='ltr'>Communis</span> <span class='ocrx_word' id='word_1_58' title='bbox 680 875 845 917; x_wconf 89' lang='lat' dir='ltr'>odiosa</span> <span class='ocrx_word' id='word_1_59' title='bbox 864 875 961 917; x_wconf 91' lang='lat' dir='ltr'>suis</span> <span class='ocrx_word' id='word_1_60' title='bbox 981 875 1066 917; x_wconf 91' lang='lat' dir='ltr'>erit</span> <span class='ocrx_word' id='word_1_61' title='bbox 1084 874 1171 917; x_wconf 89' lang='lat' dir='ltr'>hiis</span> <span class='ocrx_word' id='word_1_62' title='bbox 1191 874 1278 917; x_wconf 89' lang='lat' dir='ltr'>sibi</span> <span class='ocrx_word' id='word_1_63' title='bbox 1296 875 1403 917; x_wconf 87' lang='lat' dir='ltr'>vita.</span> 
     </span>
     <span class='ocr_line' id='line_1_14' title="bbox 384 941 1466 991; baseline -0.001 -7"><span class='ocrx_word' id='word_1_64' title='bbox 384 942 639 985; x_wconf 91' lang='lat' dir='ltr'>Conciliare</span> <span class='ocrx_word' id='word_1_65' title='bbox 658 942 808 984; x_wconf 86' lang='lat' dir='ltr'>solent</span> <span class='ocrx_word' id='word_1_66' title='bbox 826 941 1024 984; x_wconf 88' lang='lat' dir='ltr'>humiles</span> <span class='ocrx_word' id='word_1_67' title='bbox 1044 942 1280 984; x_wconf 86' lang='lat' dir='ltr'>consorcia</span> <span class='ocrx_word' id='word_1_68' title='bbox 1300 955 1466 991; x_wconf 88' lang='lat' dir='ltr'>mores;</span> 
     </span>
     <span class='ocr_line' id='line_1_15' title="bbox 383 1009 1418 1052; baseline -0.001 0"><span class='ocrx_word' id='word_1_69' title='bbox 383 1011 643 1052; x_wconf 90' lang='lat' dir='ltr'>Dissociant</span> <span class='ocrx_word' id='word_1_70' title='bbox 662 1009 794 1052; x_wconf 91' lang='lat' dir='ltr'>modi</span> <span class='ocrx_word' id='word_1_71' title='bbox 813 1009 998 1052; x_wconf 86' lang='lat' dir='ltr'>socialia</span> <span class='ocrx_word' id='word_1_72' title='bbox 1017 1009 1201 1052; x_wconf 87' lang='lat' dir='ltr'>vincula</span> <span class='ocrx_word' id='word_1_73' title='bbox 1220 1023 1418 1052; x_wconf 88' lang='lat' dir='ltr'>morum.</span> 
     </span>
    </p>

    <p class='ocr_par' dir='ltr' id='par_1_9' title="bbox 382 1076 1508 1330">
     <span class='ocr_line' id='line_1_16' title="bbox 383 1076 1508 1127; baseline -0.001 -8"><span class='ocrx_word' id='word_1_74' title='bbox 383 1078 451 1119; x_wconf 95' lang='lat' dir='ltr'>Tu</span> <span class='ocrx_word' id='word_1_75' title='bbox 471 1082 627 1119; x_wconf 90' lang='lat' dir='ltr'>tamen</span> <span class='ocrx_word' id='word_1_76' title='bbox 645 1077 706 1119; x_wconf 92' lang='lat' dir='ltr'>ad</span> <span class='ocrx_word' id='word_1_77' title='bbox 727 1076 922 1127; x_wconf 92' lang='lat' dir='ltr'>libitum,</span> <span class='ocrx_word' id='word_1_78' title='bbox 941 1077 1023 1119; x_wconf 88' lang='lat' dir='ltr'>tibi</span> <span class='ocrx_word' id='word_1_79' title='bbox 1042 1078 1082 1119; x_wconf 91' lang='lat' dir='ltr'>si</span> <span class='ocrx_word' id='word_1_80' title='bbox 1100 1076 1270 1119; x_wconf 78' lang='lat' dir='ltr'>fuerint</span> <span class='ocrx_word' id='word_1_81' title='bbox 1288 1077 1508 1126; x_wconf 91' lang='lat' dir='ltr'>raciones,</span> 
     </span>
     <span class='ocr_line' id='line_1_17' title="bbox 383 1144 1428 1201; baseline -0.001 -14"><span class='ocrx_word' id='word_1_82' title='bbox 383 1144 515 1187; x_wconf 81' lang='lat' dir='ltr'>Affer</span> <span class='ocrx_word' id='word_1_83' title='bbox 533 1159 611 1187; x_wconf 91' lang='lat' dir='ltr'>eas</span> <span class='ocrx_word' id='word_1_84' title='bbox 632 1144 897 1201; x_wconf 91' lang='lat' dir='ltr'>solidesque</span> <span class='ocrx_word' id='word_1_85' title='bbox 916 1149 1022 1186; x_wconf 91' lang='lat' dir='ltr'>tuos</span> <span class='ocrx_word' id='word_1_86' title='bbox 1042 1144 1301 1186; x_wconf 91' lang='lat' dir='ltr'>racionibus</span> <span class='ocrx_word' id='word_1_87' title='bbox 1321 1149 1428 1201; x_wconf 87' lang='lat' dir='ltr'>apte</span> 
     </span>
     <span class='ocr_line' id='line_1_18' title="bbox 382 1211 1484 1269; baseline -0.001 -15"><span class='ocrx_word' id='word_1_88' title='bbox 382 1213 640 1262; x_wconf 74' lang='lat' dir='ltr'>Sermones,</span> <span class='ocrx_word' id='word_1_89' title='bbox 659 1226 778 1269; x_wconf 89' lang='lat' dir='ltr'>quos</span> <span class='ocrx_word' id='word_1_90' title='bbox 797 1211 948 1254; x_wconf 85' lang='lat' dir='ltr'>fronte</span> <span class='ocrx_word' id='word_1_91' title='bbox 968 1217 1088 1254; x_wconf 90' lang='lat' dir='ltr'>retro</span> <span class='ocrx_word' id='word_1_92' title='bbox 1108 1211 1243 1254; x_wconf 86' lang='lat' dir='ltr'>firma</span> <span class='ocrx_word' id='word_1_93' title='bbox 1263 1211 1484 1260; x_wconf 76' lang='lat' dir='ltr'>solidasti,</span> 
     </span>
     <span class='ocr_line' id='line_1_19' title="bbox 384 1278 1456 1330; baseline -0.001 -9"><span class='ocrx_word' id='word_1_94' title='bbox 384 1280 491 1330; x_wconf 90' lang='lat' dir='ltr'>Quo</span> <span class='ocrx_word' id='word_1_95' title='bbox 511 1284 591 1321; x_wconf 84' lang='lat' dir='ltr'>tua</span> <span class='ocrx_word' id='word_1_96' title='bbox 611 1280 701 1321; x_wconf 90' lang='lat' dir='ltr'>sint</span> <span class='ocrx_word' id='word_1_97' title='bbox 720 1284 893 1320; x_wconf 89' lang='lat' dir='ltr'>asserta</span> <span class='ocrx_word' id='word_1_98' title='bbox 913 1278 995 1320; x_wconf 92' lang='lat' dir='ltr'>tibi</span> <span class='ocrx_word' id='word_1_99' title='bbox 1014 1278 1211 1320; x_wconf 88' lang='lat' dir='ltr'>solidata</span> <span class='ocrx_word' id='word_1_100' title='bbox 1231 1278 1456 1320; x_wconf 87' lang='lat' dir='ltr'>decenter.</span> 
     </span>
    </p>
   </div>
   <div class='ocr_carea' id='block_1_7' title="bbox 383 1410 2068 2742">
    <p class='ocr_par' dir='ltr' id='par_1_10' title="bbox 383 1410 2068 2124">
     <span class='ocr_line' id='line_1_20' title="bbox 448 1410 2065 1467; baseline -0.001 -14"><span class='ocrx_word' id='word_1_101' title='bbox 448 1411 519 1465; x_wconf 89' lang='grc'>[1.]</span> <span class='ocrx_word' id='word_1_102' title='bbox 542 1412 699 1467; x_wconf 89' lang='lat' dir='ltr'>Atqui,</span> <span class='ocrx_word' id='word_1_103' title='bbox 714 1411 866 1460; x_wconf 81' lang='lat' dir='ltr'>frater,</span> <span class='ocrx_word' id='word_1_104' title='bbox 880 1410 1218 1452; x_wconf 83' lang='lat' dir='ltr'>exfrontissime</span> <span class='ocrx_word' id='word_1_105' title='bbox 1232 1410 1380 1452; x_wconf 82' lang='lat' dir='ltr'>factus</span> <span class='ocrx_word' id='word_1_106' title='bbox 1395 1424 1458 1459; x_wconf 91' lang='lat' dir='ltr'>es,</span> <span class='ocrx_word' id='word_1_107' title='bbox 1473 1416 1525 1452; x_wconf 92' lang='lat' dir='ltr'>ut</span> <span class='ocrx_word' id='word_1_108' title='bbox 1539 1410 1678 1452; x_wconf 91' lang='lat' dir='ltr'>michi</span> <span class='ocrx_word' id='word_1_109' title='bbox 1691 1410 1890 1459; x_wconf 92' lang='lat' dir='ltr'>videtur,</span> <span class='ocrx_word' id='word_1_110' title='bbox 1904 1411 2065 1452; x_wconf 88' lang='lat' dir='ltr'>iterato</span> 
     </span>
     <span class='ocr_line' id='line_1_21' title="bbox 383 1476 2064 1533; baseline -0.001 -14"><span class='ocrx_word' id='word_1_111' title='bbox 383 1478 765 1520; x_wconf 89' lang='lat' dir='ltr'>contradictorius</span> <span class='ocrx_word' id='word_1_112' title='bbox 777 1477 1112 1533; x_wconf 91' lang='lat' dir='ltr'>verbaliterque</span> <span class='ocrx_word' id='word_1_113' title='bbox 1123 1477 1183 1519; x_wconf 92' lang='lat' dir='ltr'>de</span> <span class='ocrx_word' id='word_1_114' title='bbox 1195 1491 1322 1519; x_wconf 89' lang='lat' dir='ltr'>nouo</span> <span class='ocrx_word' id='word_1_115' title='bbox 1334 1476 1470 1532; x_wconf 92' lang='lat' dir='ltr'>longe</span> <span class='ocrx_word' id='word_1_116' title='bbox 1481 1478 1628 1533; x_wconf 87' lang='lat' dir='ltr'>magis</span> <span class='ocrx_word' id='word_1_117' title='bbox 1640 1476 1776 1519; x_wconf 87' lang='lat' dir='ltr'>solito</span> <span class='ocrx_word' id='word_1_118' title='bbox 1787 1476 2064 1533; x_wconf 84' lang='lat' dir='ltr'>superfluus.</span> 
     </span>
     <span class='ocr_line' id='line_1_22' title="bbox 383 1535 2066 1600; baseline -0.001 -14"><span class='ocrx_word' id='word_1_119' title='bbox 383 1545 748 1600; x_wconf 81' lang='lat' dir='ltr'>verumptamen</span> <span class='ocrx_word' id='word_1_120' title='bbox 766 1544 960 1585; x_wconf 88' lang='lat' dir='ltr'>racionis</span> <span class='ocrx_word' id='word_1_121' title='bbox 979 1557 1075 1585; x_wconf 88' lang='lat' dir='ltr'>non</span> <span class='ocrx_word' id='word_1_122' title='bbox 1092 1544 1246 1585; x_wconf 89' lang='lat' dir='ltr'>minus</span> <span class='ocrx_word' id='word_1_123' title='bbox 1265 1557 1314 1585; x_wconf 91' lang='lat' dir='ltr'>es</span> <span class='ocrx_word' id='word_1_124' title='bbox 1332 1544 1597 1585; x_wconf 87' lang='lat' dir='ltr'>veritatisue</span> <span class='ocrx_word' id='word_1_125' title='bbox 1613 1535 1741 1585; x_wconf 89' lang='lat' dir='ltr'>citra¹</span> <span class='ocrx_word' id='word_1_126' title='bbox 1762 1543 2066 1585; x_wconf 88' lang='lat' dir='ltr'>sinceritatem</span> 
     </span>
     <span class='ocr_line' id='line_1_23' title="bbox 384 1609 2068 1667; baseline -0.001 -15"><span class='ocrx_word' id='word_1_127' title='bbox 384 1611 655 1667; x_wconf 88' lang='lat' dir='ltr'>segnissime</span> <span class='ocrx_word' id='word_1_128' title='bbox 675 1611 1036 1667; x_wconf 90' lang='lat' dir='ltr'>circumspectus</span> <span class='ocrx_word' id='word_1_129' title='bbox 1059 1609 1176 1652; x_wconf 91' lang='lat' dir='ltr'>dum</span> <span class='ocrx_word' id='word_1_130' title='bbox 1197 1615 1292 1652; x_wconf 89' lang='lat' dir='ltr'>tam</span> <span class='ocrx_word' id='word_1_131' title='bbox 1314 1610 1551 1652; x_wconf 90' lang='lat' dir='ltr'>temerarie</span> <span class='ocrx_word' id='word_1_132' title='bbox 1573 1615 1759 1666; x_wconf 89' lang='lat' dir='ltr'>tamque</span> <span class='ocrx_word' id='word_1_133' title='bbox 1779 1609 2068 1666; x_wconf 85' lang='lat' dir='ltr'>pertinaciter</span> 
     </span>
     <span class='ocr_line' id='line_1_24' title="bbox 383 1675 2067 1734; baseline -0.001 -14"><span class='ocrx_word' id='word_1_134' title='bbox 383 1678 584 1720; x_wconf 89' lang='lat' dir='ltr'>hominis</span> <span class='ocrx_word' id='word_1_135' title='bbox 608 1679 725 1720; x_wconf 90' lang='lat' dir='ltr'>inter</span> <span class='ocrx_word' id='word_1_136' title='bbox 747 1677 962 1720; x_wconf 88' lang='lat' dir='ltr'>animalia</span> <span class='ocrx_word' id='word_1_137' title='bbox 986 1677 1130 1719; x_wconf 89' lang='lat' dir='ltr'>solius</span> <span class='ocrx_word' id='word_1_138' title='bbox 1154 1678 1306 1719; x_wconf 89' lang='lat' dir='ltr'>anime</span> <span class='ocrx_word' id='word_1_139' title='bbox 1329 1678 1577 1719; x_wconf 87' lang='lat' dir='ltr'>sanccitam</span> <span class='ocrx_word' id='word_1_140' title='bbox 1599 1676 1853 1734; x_wconf 86' lang='lat' dir='ltr'>specialiter</span> <span class='ocrx_word' id='word_1_141' title='bbox 1875 1675 2067 1718; x_wconf 80' lang='lat' dir='ltr'>inficiari</span> 
     </span>
     <span class='ocr_line' id='line_1_25' title="bbox 383 1743 2067 1801; baseline -0.001 -14"><span class='ocrx_word' id='word_1_142' title='bbox 383 1760 479 1788; x_wconf 92' lang='lat' dir='ltr'>non</span> <span class='ocrx_word' id='word_1_143' title='bbox 503 1745 734 1787; x_wconf 86' lang='lat' dir='ltr'>erubescis</span> <span class='ocrx_word' id='word_1_144' title='bbox 760 1745 1147 1794; x_wconf 90' lang='lat' dir='ltr'>inmortalitatem,</span> <span class='ocrx_word' id='word_1_145' title='bbox 1173 1745 1413 1801; x_wconf 89' lang='lat' dir='ltr'>presertim</span> <span class='ocrx_word' id='word_1_146' title='bbox 1437 1758 1546 1786; x_wconf 92' lang='lat' dir='ltr'>cum</span> <span class='ocrx_word' id='word_1_147' title='bbox 1571 1743 1657 1786; x_wconf 91' lang='lat' dir='ltr'>soli</span> <span class='ocrx_word' id='word_1_148' title='bbox 1681 1757 1948 1786; x_wconf 87' lang='lat' dir='ltr'>concessam</span> <span class='ocrx_word' id='word_1_149' title='bbox 1971 1757 2067 1785; x_wconf 88' lang='lat' dir='ltr'>non</span> 
     </span>
     <span class='ocr_line' id='line_1_26' title="bbox 383 1810 2066 1869; baseline -0.001 -15"><span class='ocrx_word' id='word_1_150' title='bbox 383 1826 523 1869; x_wconf 83' lang='lat' dir='ltr'>neges</span> <span class='ocrx_word' id='word_1_151' title='bbox 541 1812 719 1854; x_wconf 89' lang='lat' dir='ltr'>homini</span> <span class='ocrx_word' id='word_1_152' title='bbox 736 1812 1058 1854; x_wconf 89' lang='lat' dir='ltr'>racionalitatis</span> <span class='ocrx_word' id='word_1_153' title='bbox 1077 1813 1194 1854; x_wconf 90' lang='lat' dir='ltr'>inter</span> <span class='ocrx_word' id='word_1_154' title='bbox 1224 1811 1336 1868; x_wconf 76' lang='grc' dir='ltr'>148Ἷ</span> <span class='ocrx_word' id='word_1_155' title='bbox 1366 1811 1579 1853; x_wconf 89' lang='lat' dir='ltr'>animalia</span> <span class='ocrx_word' id='word_1_156' title='bbox 1597 1811 1950 1868; x_wconf 90' lang='lat' dir='ltr'>prerogatiuam.</span> <span class='ocrx_word' id='word_1_157' title='bbox 1968 1810 2066 1852; x_wconf 94' lang='lat' dir='ltr'>Nec</span> 
     </span>
     <span class='ocr_line' id='line_1_27' title="bbox 384 1877 2066 1936; baseline -0.002 -14"><span class='ocrx_word' id='word_1_158' title='bbox 384 1879 589 1929; x_wconf 86' lang='lat' dir='ltr'>inficiari,</span> <span class='ocrx_word' id='word_1_159' title='bbox 606 1880 723 1922; x_wconf 89' lang='lat' dir='ltr'>sicut</span> <span class='ocrx_word' id='word_1_160' title='bbox 741 1893 958 1936; x_wconf 91' lang='lat' dir='ltr'>auguror,</span> <span class='ocrx_word' id='word_1_161' title='bbox 974 1879 1148 1921; x_wconf 91' lang='lat' dir='ltr'>audeas</span> <span class='ocrx_word' id='word_1_162' title='bbox 1166 1879 1255 1921; x_wconf 91' lang='lat' dir='ltr'>nisi</span> <span class='ocrx_word' id='word_1_163' title='bbox 1273 1878 1471 1921; x_wconf 92' lang='lat' dir='ltr'>delirum</span> <span class='ocrx_word' id='word_1_164' title='bbox 1487 1878 1563 1920; x_wconf 95' lang='lat' dir='ltr'>uel</span> <span class='ocrx_word' id='word_1_165' title='bbox 1580 1878 1882 1920; x_wconf 89' lang='lat' dir='ltr'>insanientem</span> <span class='ocrx_word' id='word_1_166' title='bbox 1899 1877 2066 1920; x_wconf 87' lang='lat' dir='ltr'>ridicu-</span> 
     </span>
     <span class='ocr_line' id='line_1_28' title="bbox 384 1937 2066 2004; baseline -0.001 -15"><span class='ocrx_word' id='word_1_167' title='bbox 384 1947 612 1989; x_wconf 91' lang='lat' dir='ltr'>losissime</span> <span class='ocrx_word' id='word_1_168' title='bbox 641 1948 809 2004; x_wconf 88' lang='lat' dir='ltr'>sapias,</span> <span class='ocrx_word' id='word_1_169' title='bbox 838 1947 952 2004; x_wconf 89' lang='lat' dir='ltr'>quin</span> <span class='ocrx_word' id='word_1_170' title='bbox 980 1947 1176 1989; x_wconf 91' lang='lat' dir='ltr'>summis</span> <span class='ocrx_word' id='word_1_171' title='bbox 1206 1937 1463 1988; x_wconf 85' lang='lat' dir='ltr'>hominem²</span> <span class='ocrx_word' id='word_1_172' title='bbox 1492 1945 1758 1988; x_wconf 89' lang='lat' dir='ltr'>numinibus</span> <span class='ocrx_word' id='word_1_173' title='bbox 1787 1945 1864 1987; x_wconf 95' lang='lat' dir='ltr'>uel</span> <span class='ocrx_word' id='word_1_174' title='bbox 1893 1944 2066 2002; x_wconf 82' lang='lat' dir='ltr'>angelis</span> 
     </span>
     <span class='ocr_line' id='line_1_29' title="bbox 384 2013 2065 2071; baseline -0.001 -15"><span class='ocrx_word' id='word_1_175' title='bbox 384 2014 626 2057; x_wconf 89' lang='lat' dir='ltr'>assimilari</span> <span class='ocrx_word' id='word_1_176' title='bbox 641 2014 718 2056; x_wconf 90' lang='lat' dir='ltr'>uel</span> <span class='ocrx_word' id='word_1_177' title='bbox 734 2014 1022 2071; x_wconf 90' lang='lat' dir='ltr'>aliquatenus</span> <span class='ocrx_word' id='word_1_178' title='bbox 1040 2014 1293 2056; x_wconf 82' lang='lat' dir='ltr'>adlaterare</span> <span class='ocrx_word' id='word_1_179' title='bbox 1309 2014 1407 2055; x_wconf 89' lang='lat' dir='ltr'>sola</span> <span class='ocrx_word' id='word_1_180' title='bbox 1423 2013 1558 2055; x_wconf 81' lang='lat' dir='ltr'>faciat</span> <span class='ocrx_word' id='word_1_181' title='bbox 1574 2014 1672 2055; x_wconf 90' lang='lat' dir='ltr'>sine</span> <span class='ocrx_word' id='word_1_182' title='bbox 1689 2013 1842 2070; x_wconf 88' lang='lat' dir='ltr'>precio</span> <span class='ocrx_word' id='word_1_183' title='bbox 1858 2013 2065 2069; x_wconf 91' lang='lat' dir='ltr'>preciosa</span> 
     </span>
     <span class='ocr_line' id='line_1_30' title="bbox 384 2081 776 2124; baseline -0.003 0"><span class='ocrx_word' id='word_1_184' title='bbox 384 2096 456 2124; x_wconf 90' lang='lat' dir='ltr'>res</span> <span class='ocrx_word' id='word_1_185' title='bbox 476 2081 776 2124; x_wconf 89' lang='lat' dir='ltr'>racionalitas.</span> 
     </span>
    </p>

    <p class='ocr_par' dir='ltr' id='par_1_11' title="bbox 383 2146 2066 2742">
     <span class='ocr_line' id='line_1_31' title="bbox 448 2146 2065 2205; baseline -0.002 -14"><span class='ocrx_word' id='word_1_186' title='bbox 448 2148 519 2202; x_wconf 91' lang='grc'>[2.]</span> <span class='ocrx_word' id='word_1_187' title='bbox 542 2149 699 2205; x_wconf 86' lang='lat' dir='ltr'>Atqui,</span> <span class='ocrx_word' id='word_1_188' title='bbox 718 2148 870 2198; x_wconf 83' lang='lat' dir='ltr'>frater,</span> <span class='ocrx_word' id='word_1_189' title='bbox 889 2162 984 2204; x_wconf 91' lang='lat' dir='ltr'>quo</span> <span class='ocrx_word' id='word_1_190' title='bbox 1004 2149 1095 2190; x_wconf 92' lang='lat' dir='ltr'>tuis</span> <span class='ocrx_word' id='word_1_191' title='bbox 1115 2147 1375 2190; x_wconf 84' lang='lat' dir='ltr'>satisfacere</span> <span class='ocrx_word' id='word_1_192' title='bbox 1394 2161 1585 2204; x_wconf 89' lang='lat' dir='ltr'>pergam</span> <span class='ocrx_word' id='word_1_193' title='bbox 1604 2161 1690 2203; x_wconf 91' lang='lat' dir='ltr'>pro</span> <span class='ocrx_word' id='word_1_194' title='bbox 1709 2160 1848 2203; x_wconf 90' lang='lat' dir='ltr'>posse</span> <span class='ocrx_word' id='word_1_195' title='bbox 1867 2146 2000 2188; x_wconf 86' lang='lat' dir='ltr'>dictis</span> <span class='ocrx_word' id='word_1_196' title='bbox 2019 2151 2065 2188; x_wconf 90' lang='lat' dir='ltr'>et</span> 
     </span>
     <span class='ocr_line' id='line_1_32' title="bbox 383 2213 2065 2272; baseline -0.001 -15"><span class='ocrx_word' id='word_1_197' title='bbox 383 2215 624 2265; x_wconf 88' lang='lat' dir='ltr'>voluntati,</span> <span class='ocrx_word' id='word_1_198' title='bbox 645 2215 811 2272; x_wconf 87' lang='lat' dir='ltr'>placite</span> <span class='ocrx_word' id='word_1_199' title='bbox 833 2220 989 2257; x_wconf 89' lang='lat' dir='ltr'>tamen</span> <span class='ocrx_word' id='word_1_200' title='bbox 1009 2220 1054 2257; x_wconf 92' lang='lat' dir='ltr'>et</span> <span class='ocrx_word' id='word_1_201' title='bbox 1076 2214 1362 2257; x_wconf 91' lang='lat' dir='ltr'>abhorribilis</span> <span class='ocrx_word' id='word_1_202' title='bbox 1385 2228 1523 2256; x_wconf 90' lang='lat' dir='ltr'>omne</span> <span class='ocrx_word' id='word_1_203' title='bbox 1544 2215 1654 2256; x_wconf 90' lang='lat' dir='ltr'>citra</span> <span class='ocrx_word' id='word_1_204' title='bbox 1676 2213 1947 2270; x_wconf 84' lang='lat' dir='ltr'>scrupulum</span> <span class='ocrx_word' id='word_1_205' title='bbox 1967 2227 2065 2255; x_wconf 93' lang='lat' dir='ltr'>cor-</span> 
     </span>
     <span class='ocr_line' id='line_1_33' title="bbox 383 2280 2066 2369; baseline -0.002 -45"><span class='ocrx_word' id='word_1_206' title='bbox 383 2283 639 2332; x_wconf 84' lang='lat' dir='ltr'>rixacionis,</span> <span class='ocrx_word' id='word_1_207' title='bbox 654 2282 857 2369; x_wconf 74' lang='lat' dir='ltr'>hum3ane</span> <span class='ocrx_word' id='word_1_208' title='bbox 872 2282 1078 2324; x_wconf 89' lang='lat' dir='ltr'>raciones</span> <span class='ocrx_word' id='word_1_209' title='bbox 1094 2281 1429 2324; x_wconf 88' lang='lat' dir='ltr'>inmortalitatis</span> <span class='ocrx_word' id='word_1_210' title='bbox 1446 2282 1597 2323; x_wconf 91' lang='lat' dir='ltr'>anime</span> <span class='ocrx_word' id='word_1_211' title='bbox 1611 2280 1688 2322; x_wconf 93' lang='lat' dir='ltr'>uel</span> <span class='ocrx_word' id='word_1_212' title='bbox 1703 2280 1877 2337; x_wconf 89' lang='lat' dir='ltr'>aliquas</span> <span class='ocrx_word' id='word_1_213' title='bbox 1893 2293 2066 2356; x_wconf 81' lang='lat' dir='ltr'>suppo·</span> 
     </span>
     <span class='ocr_line' id='line_1_34' title="bbox 383 2341 2064 2406; baseline -0.002 -15"><span class='ocrx_word' id='word_1_214' title='bbox 383 2364 491 2391; x_wconf 92' lang='lat' dir='ltr'>nere</span> <span class='ocrx_word' id='word_1_215' title='bbox 510 2350 628 2391; x_wconf 89' lang='lat' dir='ltr'>nitar</span> <span class='ocrx_word' id='word_1_216' title='bbox 647 2341 782 2406; x_wconf 88' lang='lat' dir='ltr'>quas³</span> <span class='ocrx_word' id='word_1_217' title='bbox 802 2348 1041 2406; x_wconf 89' lang='lat' dir='ltr'>predidici</span> <span class='ocrx_word' id='word_1_218' title='bbox 1060 2348 1313 2390; x_wconf 85' lang='lat' dir='ltr'>Triuialiter</span> <span class='ocrx_word' id='word_1_219' title='bbox 1332 2349 1482 2405; x_wconf 85' lang='lat' dir='ltr'>igitur,</span> <span class='ocrx_word' id='word_1_220' title='bbox 1501 2349 1548 2389; x_wconf 94' lang='lat' dir='ltr'>ni</span> <span class='ocrx_word' id='word_1_221' title='bbox 1568 2347 1819 2404; x_wconf 92' lang='lat' dir='ltr'>displiceat,</span> <span class='ocrx_word' id='word_1_222' title='bbox 1838 2348 1886 2388; x_wconf 91' lang='lat' dir='ltr'>in</span> <span class='ocrx_word' id='word_1_223' title='bbox 1904 2347 2064 2404; x_wconf 88' lang='lat' dir='ltr'>primis</span> 
     </span>
     <span class='ocr_line' id='line_1_35' title="bbox 384 2414 2066 2492; baseline -0.002 -33"><span class='ocrx_word' id='word_1_224' title='bbox 384 2418 543 2459; x_wconf 92' lang='lat' dir='ltr'>tritum</span> <span class='ocrx_word' id='word_1_225' title='bbox 559 2416 942 2473; x_wconf 91' lang='lat' dir='ltr'>diouolaliterque</span> <span class='ocrx_word' id='word_1_226' title='bbox 958 2415 1232 2472; x_wconf 88' lang='lat' dir='ltr'>diwlgatum</span> <span class='ocrx_word' id='word_1_227' title='bbox 1248 2429 1420 2472; x_wconf 91' lang='lat' dir='ltr'>ponere</span> <span class='ocrx_word' id='word_1_228' title='bbox 1436 2429 1683 2492; x_wconf 81' lang='lat' dir='ltr'>pergamus</span> <span class='ocrx_word' id='word_1_229' title='bbox 1699 2414 1898 2457; x_wconf 90' lang='lat' dir='ltr'>hominis</span> <span class='ocrx_word' id='word_1_230' title='bbox 1914 2414 2066 2456; x_wconf 86' lang='lat' dir='ltr'>anime</span> 
     </span>
     <span class='ocr_line' id='line_1_36' title="bbox 384 2481 2065 2540; baseline -0.002 -14"><span class='ocrx_word' id='word_1_231' title='bbox 384 2484 697 2526; x_wconf 84' lang='lat' dir='ltr'>diuturnitatis</span> <span class='ocrx_word' id='word_1_232' title='bbox 723 2483 989 2540; x_wconf 88' lang='lat' dir='ltr'>exemplum</span> <span class='ocrx_word' id='word_1_233' title='bbox 1014 2482 1090 2525; x_wconf 92' lang='lat' dir='ltr'>uel</span> <span class='ocrx_word' id='word_1_234' title='bbox 1114 2482 1361 2525; x_wconf 90' lang='lat' dir='ltr'>verisimile</span> <span class='ocrx_word' id='word_1_235' title='bbox 1386 2483 1547 2539; x_wconf 89' lang='lat' dir='ltr'>pocius</span> <span class='ocrx_word' id='word_1_236' title='bbox 1573 2481 1907 2524; x_wconf 90' lang='lat' dir='ltr'>inmortalitatis</span> <span class='ocrx_word' id='word_1_237' title='bbox 1933 2494 2065 2537; x_wconf 88' lang='lat' dir='ltr'>argu-</span> 
     </span>
     <span class='ocr_line' id='line_1_37' title="bbox 384 2547 2065 2605; baseline -0.003 -11"><span class='ocrx_word' id='word_1_238' title='bbox 384 2556 606 2594; x_wconf 90' lang='lat' dir='ltr'>mentum.</span> <span class='ocrx_word' id='word_1_239' title='bbox 633 2551 809 2593; x_wconf 90' lang='lat' dir='ltr'>Reuera</span> <span class='ocrx_word' id='word_1_240' title='bbox 834 2551 1137 2593; x_wconf 90' lang='lat' dir='ltr'>certissimam</span> <span class='ocrx_word' id='word_1_241' title='bbox 1162 2551 1255 2592; x_wconf 91' lang='lat' dir='ltr'>iam</span> <span class='ocrx_word' id='word_1_242' title='bbox 1281 2563 1403 2592; x_wconf 90' lang='lat' dir='ltr'>nunc</span> <span class='ocrx_word' id='word_1_243' title='bbox 1429 2554 1498 2591; x_wconf 90' lang='lat' dir='ltr'>est</span> <span class='ocrx_word' id='word_1_244' title='bbox 1524 2549 1766 2591; x_wconf 90' lang='lat' dir='ltr'>hominum</span> <span class='ocrx_word' id='word_1_245' title='bbox 1792 2547 2065 2605; x_wconf 91' lang='lat' dir='ltr'>pridemque</span> 
     </span>
     <span class='ocr_line' id='line_1_38' title="bbox 383 2614 2066 2674; baseline -0.003 -13"><span class='ocrx_word' id='word_1_246' title='bbox 383 2618 470 2661; x_wconf 77' lang='lat' dir='ltr'>fuit</span> <span class='ocrx_word' id='word_1_247' title='bbox 501 2618 692 2661; x_wconf 92' lang='lat' dir='ltr'>diducta</span> <span class='ocrx_word' id='word_1_248' title='bbox 723 2632 796 2661; x_wconf 90' lang='lat' dir='ltr'>res</span> <span class='ocrx_word' id='word_1_249' title='bbox 828 2617 888 2660; x_wconf 90' lang='lat' dir='ltr'>ad</span> <span class='ocrx_word' id='word_1_250' title='bbox 920 2618 1137 2660; x_wconf 88' lang='lat' dir='ltr'>noticiam</span> <span class='ocrx_word' id='word_1_251' title='bbox 1168 2617 1382 2674; x_wconf 82' lang='lat' dir='ltr'>frequens</span> <span class='ocrx_word' id='word_1_252' title='bbox 1414 2617 1523 2659; x_wconf 91' lang='lat' dir='ltr'>satis</span> <span class='ocrx_word' id='word_1_253' title='bbox 1554 2622 1599 2658; x_wconf 92' lang='lat' dir='ltr'>et</span> <span class='ocrx_word' id='word_1_254' title='bbox 1629 2614 2066 2658; x_wconf 86' lang='lat' dir='ltr'>consuetudinaliter</span> 
     </span>
     <span class='ocr_line' id='line_1_39' title="bbox 383 2681 2065 2742; baseline -0.002 -14"><span class='ocrx_word' id='word_1_255' title='bbox 383 2687 604 2728; x_wconf 70' lang='lat' dir='ltr'>vsitatum</span> <span class='ocrx_word' id='word_1_256' title='bbox 620 2700 703 2742; x_wconf 91' lang='lat' dir='ltr'>per</span> <span class='ocrx_word' id='word_1_257' title='bbox 717 2686 1097 2742; x_wconf 87' lang='lat' dir='ltr'>experimentum.</span> <span class='ocrx_word' id='word_1_258' title='bbox 1114 2685 1261 2734; x_wconf 91' lang='lat' dir='ltr'>Certe,</span> <span class='ocrx_word' id='word_1_259' title='bbox 1277 2698 1371 2741; x_wconf 92' lang='lat' dir='ltr'>quo</span> <span class='ocrx_word' id='word_1_260' title='bbox 1386 2698 1495 2726; x_wconf 90' lang='lat' dir='ltr'>vera</span> <span class='ocrx_word' id='word_1_261' title='bbox 1509 2683 1769 2740; x_wconf 89' lang='lat' dir='ltr'>wlgataque</span> <span class='ocrx_word' id='word_1_262' title='bbox 1783 2682 1885 2725; x_wconf 82' lang='lat' dir='ltr'>fans</span> <span class='ocrx_word' id='word_1_263' title='bbox 1901 2681 2065 2724; x_wconf 78' lang='lat' dir='ltr'>funde-</span> 
     </span>
    </p>
   </div>
   <div class='ocr_carea' id='block_1_8' title="bbox 455 2976 724 3140">
    <p class='ocr_par' dir='ltr' id='par_1_12' title="bbox 455 2976 724 3140">
     <span class='ocr_line' id='line_1_40' title="bbox 457 2976 619 3015; baseline 0 0"><span class='ocrx_word' id='word_1_264' title='bbox 457 2976 468 2998; x_wconf 92' lang='lat'>¹</span> <span class='ocrx_word' id='word_1_265' title='bbox 485 2980 578 3015; x_wconf 89' lang='lat' dir='ltr'>circa</span> <span class='ocrx_word' id='word_1_266' title='bbox 596 2981 619 3015; x_wconf 92' lang='lat' dir='ltr'><strong><em>S</em></strong></span> 
     </span>
     <span class='ocr_line' id='line_1_41' title="bbox 456 3030 724 3071; baseline 0 0"><span class='ocrx_word' id='word_1_267' title='bbox 456 3030 470 3053; x_wconf 93' lang='lat'>²</span> <span class='ocrx_word' id='word_1_268' title='bbox 485 3037 684 3071; x_wconf 87' lang='lat' dir='ltr'>hominum</span> <span class='ocrx_word' id='word_1_269' title='bbox 701 3037 724 3071; x_wconf 93' lang='lat' dir='ltr'><strong><em>S</em></strong></span> 
     </span>
     <span class='ocr_line' id='line_1_42' title="bbox 455 3086 598 3140; baseline 0 -13"><span class='ocrx_word' id='word_1_270' title='bbox 455 3086 470 3109; x_wconf 83' lang='lat'><strong>³</strong></span> <span class='ocrx_word' id='word_1_271' title='bbox 485 3104 559 3140; x_wconf 91' lang='lat' dir='ltr'>que</span> <span class='ocrx_word' id='word_1_272' title='bbox 575 3094 598 3127; x_wconf 87' lang='lat' dir='ltr'><strong>S</strong></span> 
     </span>
    </p>
   </div>
  </div>
 </body>
</html>
