2132 3346
254 504 305 529 150

252 837 303 861 155

251 1173 302 1198 160

250 1506 301 1531 1⁶⁵

248 1842 300 1866 170

247 2177 298 2202 175

245 2514 296 2538 180

244 2850 295 2875 185

369 154 458 195 188
595 163 783 197 SERIUM
804 164 1109 199 SENECTUTIS

367 286 490 344 frugi
511 289 644 344 quasi
666 290 854 331 nomine
876 291 1264 333 remuneracionis
1287 291 1619 335 desiderauerit
1640 295 1930 336 meritissime
1950 294 2051 337 fieri

367 356 634 411 procurauit
654 369 680 397 a
699 356 831 398 Giezi
851 363 1113 399 reuerenter
1131 358 1310 414 inquiri.
1331 359 1629 416 Tandemque
1649 362 1904 403 transmissi
1924 367 2050 404 mota

367 421 533 463 mulier
549 427 645 464 tam
661 422 778 464 belle
795 423 1015 466 munifica
1031 425 1408 481 persuasionibus
1425 426 1709 476 internuncii,
1726 428 1834 484 quia
1849 442 1935 470 sua
1950 428 2050 478 fuit,

367 493 419 530 ut
432 487 499 537 fit,
512 489 561 530 in
574 488 808 531 sterilitate
821 489 1015 532 confusa
1029 491 1147 532 sicut
1160 491 1402 533 estimabat
1415 493 1464 534 in
1476 491 1686 535 futurum
1700 493 1829 550 prole
1841 495 2051 544 caritura,

367 555 608 611 presertim
633 569 742 598 cum
767 570 881 598 suus
906 557 999 599 iam
1024 558 1096 599 vir
1120 563 1274 614 ageret
1299 558 1347 600 in
1370 564 1603 601 senectute
1628 565 1821 610 matura,
1845 560 1932 603 sibi
1955 575 2051 604 non

367 621 597 663 dubitauit
622 622 680 664 ab
703 636 760 664 eo
785 624 1156 680 petere-prolem.
1181 625 1271 666 Cui
1294 625 1358 666 sic
1383 625 1714 682 subsequenter
1738 628 1800 669 ait
1823 627 2049 670 Heliseus:

366 688 468 729 Hoc
487 689 536 730 in
554 688 723 731 eodem
743 690 901 745 spacio
921 682 1046 732 anni²
1067 691 1279 733 reuoluto
1299 691 1448 733 filium
1467 691 1608 734 fueris
1629 698 1710 735 tuo
1729 699 1916 749 partura
1934 695 2048 737 viro.

365 755 463 796 Nec
483 768 570 796 suo
588 756 660 797 vir
677 755 900 798 feminam
918 757 982 798 sic
1001 756 1146 798 fando
1165 757 1462 814 subsequenti
1481 759 1544 800 sic
1563 758 1721 801 fefellit
1740 760 1788 801 in
1805 761 2050 816 promisso,

366 820 449 862 sed
473 820 642 863 eodem
666 826 888 878 tempore,
911 828 1225 873 momentoue,
1246 823 1323 865 uel
1344 823 1458 866 hora
1480 824 1609 881 prole
1631 831 1738 868 nata
1760 825 1984 869 letabatur
2004 832 2050 869 et

365 887 475 937 filio;
499 887 762 945 deindeque
786 890 934 946 magis
958 890 1007 931 in
1028 895 1166 932 eunte
1190 890 1514 941 delectabatur,
1536 897 1581 934 et
1604 893 1653 934 in
1674 892 1912 942 ablactato,
1934 899 1980 936 et
2002 894 2051 936 in

365 954 628 998 discussore
648 961 792 1012 pater,
810 961 856 999 et
875 957 924 999 in
941 957 1199 1000 coambulo.

429 1022 528 1077 [11.]
551 1024 728 1066 Uerum
748 1038 835 1080 pro
854 1024 984 1081 prole
1003 1039 1128 1067 noua
1147 1026 1329 1068 nouiter
1347 1031 1618 1083 conceptam
1637 1026 1833 1070 fatalitas
1853 1028 1901 1070 in
1919 1027 2049 1070 breui

365 1089 582 1132 discussit
596 1090 899 1147 hylaritatem;
915 1091 1030 1134 febri
1045 1106 1246 1149 namque
1262 1093 1454 1135 tenellus
1470 1093 1683 1136 facillime
1698 1109 1814 1151 puer
1829 1094 2049 1152 defatiga-

365 1161 453 1206 tus,
472 1149 718 1200 subsolari²
736 1159 872 1200 cessit
890 1160 1108 1201 vniuerso
1127 1159 1253 1201 fatali
1270 1161 1365 1202 vita
1384 1160 1596 1203 facilitate
1614 1161 1812 1204 functus.
1830 1162 1920 1204 Sed
1939 1167 2047 1205 tunc

364 1225 564 1266 maxime
583 1230 743 1274 mater,
762 1239 892 1267 more
911 1225 1112 1268 femineo
1131 1227 1264 1283 quasi
1282 1226 1503 1269 furialiter
1521 1227 1723 1278 efferata,
1742 1230 1855 1271 tanti
1874 1229 2047 1271 doloris

363 1291 570 1333 inuenire
606 1291 830 1333 solacium
865 1292 1023 1334 studet
1058 1293 1353 1335 insolabiliter
1388 1308 1506 1350 pene
1541 1294 1745 1337 confusa.
1780 1295 1871 1338 Sed
1906 1301 1952 1338 et
1986 1295 2047 1338 ad

362 1357 579 1399 vltimum
602 1359 824 1414 sagaciter
846 1373 955 1400 eum
978 1365 1109 1415 parat
1131 1359 1298 1401 habere
1321 1360 1462 1416 prolis
1485 1362 1533 1402 in
1555 1362 1802 1403 amissione
1823 1361 2047 1418 suffraga-

364 1428 511 1465 torem
527 1438 668 1480 quem
685 1429 869 1480 gratum
885 1425 1056 1467 sobolis
1073 1425 1233 1468 habuit
1248 1427 1297 1468 in
1311 1428 1516 1469 carencia
1532 1427 1899 1470 subsidiatorem.
1917 1429 2047 1470 Parat

363 1495 407 1531 et
431 1504 540 1532 eum
565 1496 712 1532 mesta
736 1496 883 1533 mater
906 1491 1035 1533 adire
1057 1492 1254 1534 familias
1278 1494 1327 1534 in
1348 1494 1510 1535 Monte
1534 1494 1733 1536 Carmeli
1756 1494 2048 1545 residentem

362 1556 634 1614 reclusoque
657 1558 785 1615 prius
809 1558 915 1600 elati
936 1558 1164 1601 cadauere
1187 1561 1319 1616 pueri
1341 1559 1531 1602 latenter
1553 1562 1601 1603 in
1623 1561 1795 1603 Helisei
1815 1561 2048 1612 cenaculo,

362 1638 502 1666 suum
518 1639 659 1681 quem
675 1627 880 1682 sperauit
895 1625 1063 1668 habere
1079 1628 1340 1683 propicium
1357 1629 1623 1684 properauit
1639 1628 1699 1670 ad
1716 1628 2045 1671 solaciatorem.

361 1692 460 1733 Nec
479 1706 564 1733 sua
583 1706 690 1749 spes
710 1706 814 1734 eam
833 1692 991 1735 fefellit
1010 1695 1321 1736 sensatissime
1340 1700 1614 1751 sperantem:
1634 1695 1778 1737 libens
1797 1697 1921 1738 enim
1938 1709 2047 1738 cum

362 1772 446 1800 sua
476 1759 798 1815 supplicatrice
828 1760 1095 1816 simpliciter
1124 1760 1376 1811 descendit,
1406 1775 1637 1818 suumque
1665 1762 1752 1804 sibi
1780 1762 2046 1805 rediuiuum

361 1825 515 1867 reddit
534 1825 685 1868 filium
705 1832 812 1884 post
831 1826 1112 1869 fatalitatem.

425 1893 525 1948 [12]
547 1894 637 1936 Sed
659 1894 787 1951 quod
810 1894 947 1951 longe
968 1895 1235 1946 mirabilius,
1255 1901 1307 1938 ut
1328 1910 1543 1953 auguror,
1577 1896 1694 1953 15οἿ
1725 1897 1915 1954 quilibet
1935 1911 2046 1940 sane

360 1966 565 2003 censeret
587 1975 689 2003 esse
711 1967 937 2012 sensatus,
960 1969 1162 2005 recenter
1185 1963 1357 2005 elatum
1380 1969 1588 2020 tempore
1611 1965 1739 2021 prius
1762 1963 2046 2022 aliquantulo

361 2028 766 2070 miraculosissime
790 2031 1079 2071 resuscitauit
1103 2030 1263 2080 elatus,
1287 2030 1455 2072 eodem
1479 2031 1692 2073 videlicet
1715 2045 1809 2088 quo
1833 2037 2044 2074 mortuus

360 2099 429 2135 est
450 2108 584 2136 anno.
606 2095 791 2151 Nempe
811 2110 919 2137 cum
940 2096 1133 2152 quidam
1154 2096 1214 2138 de
1234 2096 1340 2138 filiis
1362 2097 1498 2139 Israel
1517 2098 1787 2139 Samaritani
1807 2103 2045 2140 mortuum

361 2160 591 2203 deferrent
604 2167 656 2203 ut
668 2176 778 2203 eum
791 2176 1013 2219 supremo
1026 2164 1144 2204 sicut
1157 2164 1215 2204 sit
1228 2163 1384 2205 officio
1397 2164 1683 2213 mandarent,
1695 2178 1804 2206 cum
1817 2164 2045 2206 latruncu-

360 2227 428 2269 los
449 2227 510 2269 ob
530 2229 614 2270 iter
632 2234 869 2271 cernerent
889 2230 937 2271 in
956 2229 1092 2271 Israel
1112 2230 1334 2272 irruentes
1355 2230 1660 2273 Israelitarum
1680 2230 1874 2288 predam
1893 2231 2044 2288 sagui—

359 2309 559 2352 nemque
571 2295 836 2352 predonum
848 2310 934 2353 pro
946 2298 1192 2353 rapacitate
1204 2298 1428 2347 sicientes,
1440 2297 1686 2340 insolencia
1698 2299 1763 2341 rei
1775 2299 2044 2355 timorisque

359 2362 644 2405 turbulencia
666 2363 879 2420 perculsi,
900 2369 1111 2406 verentes
1134 2365 1325 2407 ulterius
1347 2365 1566 2422 progredi
1587 2365 1788 2408 cadauer
1808 2365 1927 2415 elati,
1948 2380 2043 2423 quo

358 2429 549 2472 celerius
567 2429 779 2487 fugerent
795 2436 840 2473 et
857 2431 1138 2488 expedicius,
1154 2433 1203 2474 in
1218 2431 1463 2488 sepulchro
1480 2438 1736 2489 posuerunt
1751 2432 1935 2474 Helisei.
1952 2432 2042 2475 Sed

358 2496 438 2539 ubi
458 2511 587 2539 sacra
608 2498 754 2554 tetigit
775 2512 881 2540 ossa
901 2513 1071 2555 corpus
1092 2499 1406 2541 exanimatum
1425 2500 1562 2541 vnius
1583 2500 1752 2541 uirtute
1772 2499 1848 2541 uel
1867 2499 2042 2541 viribus

358 2565 521 2606 reuixit
540 2566 818 2622 recessitque
837 2566 966 2622 prius
986 2565 1260 2608 intumulati.
1280 2567 1350 2608 Sic
1370 2567 1540 2608 mortui
1559 2567 1727 2608 virtute
1747 2566 1905 2608 diuina
1925 2567 2042 2608 reui-

359 2636 546 2687 goratus
559 2633 805 2689 animaque
817 2646 959 2689 quam
972 2632 1284 2689 preeffuderat
1296 2639 1600 2690 reuegetatus,
1613 2633 1779 2676 tumuli
1789 2633 2042 2676 claustrum

356 2703 523 2755 vegeto
538 2698 747 2741 discessu
762 2699 1069 2756 passibusque
1082 2700 1228 2742 citatis
1243 2699 1443 2742 hilariter
1457 2700 1674 2743 incedens
1687 2706 1756 2743 est
1770 2705 2040 2757 aspernatus

358 2765 474 2808 dum
494 2780 544 2808 se
564 2767 754 2809 reuiuus
775 2767 1036 2809 reconuiuis
1056 2768 1354 2810 reconuiuere
1373 2773 1442 2810 est
1462 2768 1865 2825 recongratulatus.

421 2832 521 2888 [13.]
544 2834 642 2876 Hec
653 2834 807 2891 itaque
818 2835 992 2877 sincere
1002 2836 1244 2877 uetustatis
1255 2835 1518 2878 veneranda
1529 2841 1734 2878 vetustas
1746 2835 2040 2878 inmortalita-

430 3043 441 3065 ¹
458 3050 574 3085 annui
592 3051 615 3085 S

428 3099 442 3122 ²
458 3106 529 3140 sub
544 3107 653 3141 solari
671 3108 694 3141 S
