2132 3346
263 364 297 389 15

263 701 297 726 20

262 1436 297 1461 ³0

262 1770 296 1795 35

262 2105 296 2130 40

262 2442 297 2467 45

358 149 448 190 218
585 157 773 190 SERIUM
794 156 1099 190 SENECTUTIS

358 281 512 323 Nemo
531 280 725 337 quidem
744 280 946 323 dominis
966 280 1239 323 famulando
1258 280 1437 337 placere
1457 281 1641 323 duobus

357 348 428 389 Sic
448 347 578 397 solet,
597 352 650 389 ut
668 347 804 404 plene
823 347 1031 404 placidos
1052 347 1138 389 sibi
1157 348 1328 389 senciat
1347 347 1523 396 ambos,

357 415 534 457 Seruiat
553 419 598 456 et
617 413 806 471 paribus
826 413 955 471 quod
975 428 1071 456 non
1089 413 1359 470 reprobetur
1378 413 1436 456 ab
1454 413 1561 456 vllo.

359 482 435 524 Est
455 482 593 539 igitur
613 482 722 524 satis
743 481 972 524 insulsum
992 495 1042 524 se
1061 481 1261 524 subdere
1280 481 1436 523 multis

357 550 530 606 Sponte
549 563 635 591 sua
655 548 872 599 dominis,
892 548 1112 591 dominus
1131 549 1207 591 cui
1225 549 1284 591 sit
1302 549 1412 591 satis
1431 562 1565 591 vnus:

358 618 460 659 Iure
479 616 672 673 quidem
691 616 932 673 grauidata
952 617 1101 673 premi
1120 630 1203 672 per
1221 615 1430 672 pondera
1449 617 1601 672 quiuis

359 684 553 726 Portitor
572 688 642 726 est
661 683 806 726 nimio
825 675 1087 740 quassatus1
1110 682 1317 739 pondere
1335 697 1546 739 querens,

358 751 524 793 Omnis
543 751 669 793 enim
688 750 856 792 stolide
875 750 1029 792 solum
1049 750 1169 806 sapit
1188 750 1480 806 insipientem

357 817 541 860 Viribus
561 818 712 874 impar
732 831 851 859 onus
871 816 1076 859 humeris
1096 817 1334 874 imponere
1354 830 1563 873 pergens,

358 885 484 926 Dum
503 883 654 926 valeat
673 883 804 933 bene,
823 884 863 926 si
882 883 1019 925 libeat
1038 883 1138 932 sibi,
1157 883 1246 925 sub
1264 883 1426 925 leuiori

358 950 488 992 Vtilis
509 964 610 992 esse
630 950 776 992 modo
795 949 872 991 uel
891 949 1099 1006 pondere
1118 950 1235 991 lator
1254 949 1314 991 ad
1335 955 1477 998 actus;

357 1017 404 1058 Si
423 1030 591 1058 sanum
610 1017 772 1072 sapiat,
792 1016 879 1058 sibi
897 1030 1037 1058 nemo
1056 1016 1201 1058 libens
1221 1029 1340 1057 onus
1361 1021 1488 1072 optet

358 1084 622 1139 Excipiatue
641 1084 738 1125 suis
759 1097 880 1139 opus
900 1082 1190 1139 importabile
1210 1082 1393 1131 lumbis,

358 1149 480 1192 Talia
500 1149 723 1191 ridiculus
743 1163 802 1191 ne
821 1150 885 1191 sic
906 1163 988 1206 per
1007 1150 1160 1191 inania
1179 1149 1274 1198 fiat,

358 1218 411 1259 Et
430 1222 619 1259 moueat
637 1217 796 1259 multis
816 1230 901 1259 sua
921 1217 985 1259 sic
1005 1230 1088 1274 per
1107 1216 1225 1258 facta
1244 1216 1531 1258 cachinnum.

422 1351 493 1406 [1.]
516 1353 657 1394 Porro
689 1356 939 1408 postquam
972 1352 1036 1393 sic
1069 1351 1242 1393 sodalis
1275 1365 1422 1400 meus,
1454 1365 1559 1392 meo
1592 1351 1838 1392 bellissime
1869 1350 2041 1392 iudicio

358 1419 639 1469 melioratus,
661 1419 767 1461 talia
789 1418 876 1461 sibi
898 1423 993 1460 tam
1016 1418 1215 1460 salubria
1237 1423 1332 1460 tam
1353 1417 1778 1460 commendabiliter
1799 1417 2041 1466 effuderat,

358 1486 676 1528 efficacissime
690 1487 846 1528 statim
861 1485 967 1527 talia
983 1485 1225 1527 letificatus
1241 1485 1388 1527 taliter
1402 1499 1484 1541 per
1498 1484 1661 1535 effusa,
1676 1485 1812 1542 longe
1826 1484 2040 1527 licencius

358 1553 654 1610 hylariusque
682 1544 838 1595 solito²
866 1567 970 1595 mea
998 1552 1282 1609 loquelaliter
1310 1553 1373 1594 sic
1402 1553 1504 1609 cepi
1532 1552 1682 1594 laxare
1709 1552 1839 1594 labia:
1869 1552 2043 1594 Revera

358 1621 451 1662 iam
479 1621 648 1670 sencio,
676 1634 780 1662 care
808 1621 873 1661 mi
900 1633 1105 1669 consors,
1132 1619 1449 1661 efficacissime
1476 1619 1604 1675 quod
1634 1619 1694 1660 ad
1723 1618 1920 1660 modum
1947 1619 2042 1660 vita

357 1687 622 1728 viuentibus
636 1687 684 1728 in
696 1686 911 1728 mediana
925 1687 983 1727 sit
995 1686 1106 1727 utile
1118 1687 1267 1742 sitque
1281 1686 1536 1727 iocundum
1547 1685 1794 1727 concordia
1806 1689 2040 1726 consortes

357 1754 605 1795 conviuere
624 1754 951 1795 conuenienter
969 1754 1017 1794 in
1035 1752 1328 1801 indifferenti,
1348 1752 1577 1808 simulque
1596 1751 1821 1793 socialiter
1838 1751 2042 1798 habitare

357 1819 785 1862 commendabiliter
820 1825 865 1861 et
902 1820 950 1861 in
983 1833 1144 1868 vnum;
1180 1818 1296 1860 bene
1331 1818 1483 1860 fidum
1519 1817 1725 1875 profecto
1761 1817 2042 1873 firmumque

358 1886 633 1928 sodalicium
649 1886 746 1928 fide
761 1885 1054 1928 fraternitatis
1072 1885 1132 1928 ad
1149 1887 1291 1927 instar
1307 1891 1351 1927 et
1368 1886 1416 1927 in
1431 1885 1672 1927 stabilitate
1689 1884 1940 1926 solidatum
1956 1883 2042 1926 sibi

358 1953 593 1995 sufficiens
612 1967 714 1995 esse
732 1953 849 1995 solet
867 1958 912 1995 et
931 1953 991 1995 ad
1011 1952 1261 2010 expediens
1280 1953 1328 1994 in
1345 1953 1613 1994 necessitate
1631 1951 1905 1993 subsidium.
1923 1951 2042 1993 Sana

358 2020 550 2078 quidem
589 2020 701 2077 160¹}
739 2021 832 2063 iam
858 2034 981 2062 nunc
1007 2021 1055 2062 in
1079 2020 1282 2062 veritatis
1308 2020 1563 2061 sinceritate
1589 2018 1727 2061 michi
1752 2018 2041 2060 securissime

358 2102 454 2130 non
477 2087 640 2130 dubito
665 2087 918 2130 solidatum
941 2087 1069 2144 quod
1095 2087 1214 2129 adeo
1237 2086 1594 2128 commendabili
1616 2084 2042 2128 commendabiliter

358 2160 427 2197 est
446 2169 472 2196 a
491 2154 730 2197 Psalmista
750 2146 946 2196 dictum³
964 2153 1106 2196 velud
1126 2153 1474 2196 exclamacionis
1493 2153 1553 2195 ad
1573 2153 1714 2195 instar
1732 2152 2041 2201 enunciatum,

359 2222 625 2279 simpliciter
640 2227 796 2264 tamen
810 2227 862 2264 ut
877 2221 1165 2278 inculpabilis
1181 2221 1230 2263 in
1243 2220 1388 2263 modo
1404 2220 1776 2263 moderacionem
1793 2218 1932 2261 tutele
1947 2233 2043 2261 non

358 2289 597 2332 excederet
615 2289 977 2332 exclamacionis.
996 2289 1075 2331 Ait
1092 2289 1215 2331 enim
1233 2289 1310 2330 sic:
1329 2288 1440 2330 Ecce
1457 2302 1598 2345 quam
1616 2287 1792 2329 bonum
1809 2300 2042 2344 quamque

359 2357 615 2400 iocundum
647 2357 909 2399 cohabitare
941 2356 1102 2399 fratres
1135 2357 1184 2398 in
1214 2370 1373 2398 vnum.
1408 2355 1607 2398 Perfecta
1640 2354 1846 2413 profecto
1878 2355 2040 2396 caritas

358 2425 520 2468 fratres
538 2424 800 2467 cohabitare
817 2424 925 2467 facit
942 2423 1279 2467 indiuisibiliter
1297 2424 1345 2466 in
1361 2438 1508 2465 vnum
1525 2421 2041 2478 commendabiliterque

359 2492 627 2550 perfectum.
644 2493 724 2535 Vir
740 2506 851 2549 ergo
867 2506 977 2534 vera
994 2506 1103 2534 vere
1119 2483 1444 2548 philosophus⁴
1461 2492 1509 2532 in
1525 2489 1831 2547 philosophia,
1847 2489 2041 2531 fratrum

358 2559 658 2617 congaudens
677 2559 737 2602 de
755 2559 1098 2602 cohabitacione
1115 2559 1364 2608 caritatiua,
1383 2559 1446 2600 sic
1464 2563 1533 2600 est
1551 2557 1804 2599 exultanter
1821 2556 2042 2605 elocutus,

359 2628 545 2669 omnino
557 2627 619 2669 nil
632 2628 822 2669 innuens
835 2626 1172 2669 exclamacionis
1185 2640 1301 2668 vane
1313 2626 1577 2667 vanitatisue
1590 2624 1648 2666 de
1662 2623 1946 2672 turbulencia,
1959 2622 2040 2665 sed

358 2694 553 2736 Vtilitatis
573 2694 668 2736 sola
687 2693 1060 2750 iocunditatisque
1078 2692 1385 2749 contemplans
1405 2691 1769 2748 irreprobabiliter
1787 2691 2021 2732 incitatiua.

423 2761 491 2816 [2.]
512 2763 580 2803 Sic
603 2763 752 2818 itaque
774 2761 951 2803 sodales
975 2774 1083 2802 sana
1105 2774 1212 2802 sane
1233 2760 1481 2802 conuiuunt
1503 2760 1549 2801 in
1570 2758 1802 2800 sodalitate
1823 2759 1861 2799 si
1883 2762 2041 2799 mutua

433 2926 444 2948 ¹
461 2931 624 2977 quassati
642 2931 664 2965 S

432 2981 446 3004 ²
462 2987 555 3021 solio
572 2988 595 3021 S

431 3036 446 3059 ³
462 3043 617 3086 dictum]
636 3043 849 3077 decendum
866 3043 889 3076 S

431 3093 446 3115 ⁴
462 3099 627 3145 phisicus
643 3100 666 3133 S
