2132 3346
252 429 303 454 295

249 1432 301 1457 310

249 1768 300 1793 315

248 2102 299 2127 320

365 146 389 187 1
396 146 455 187 96
591 154 779 188 SERIUM
800 155 1106 189 SENECTUTIS

365 279 536 320 mimus
574 279 623 321 in
658 280 876 336 presenti)
915 281 1175 322 suscitatori
1211 281 1539 337 supplicauerit
1575 283 1765 324 omnino
1802 283 2045 325 medianus

365 346 608 387 suscitator
627 345 854 388 Heliseus.

429 411 528 466 [22]
550 413 662 454 Non
688 418 845 455 autem
872 413 1109 456 crederem
1135 415 1233 456 veri
1259 415 1541 456 suscitatoris
1569 416 1756 458 terciam
1781 417 1876 458 vita
1902 416 2047 459 functi

364 480 780 529 resuscitacionem,
815 480 972 522 crebra
1006 481 1283 537 repeticione
1318 482 1652 524 retractacionis
1688 482 1807 524 adeo
1842 482 2046 539 dignam,

364 550 523 588 nostro
543 545 672 602 quod
693 547 832 589 instat
851 539 1110 603 proposito1
1131 552 1287 589 nostre
1305 561 1428 590 nunc
1447 548 1724 591 elocucionis
1744 550 1793 591 in
1811 549 2046 606 profluuio

364 612 471 654 rudi
495 612 584 654 sub
608 612 796 655 silencio
821 613 1165 656 transeundam.
1191 615 1313 656 Cum
1337 628 1449 656 vero
1474 615 1613 665 Iesus,
1638 615 1726 657 sub
1749 615 1847 658 sole
1871 617 2046 673 spiran-

363 680 488 722 cium
521 679 725 722 saluator
757 680 968 737 specialis
1001 686 1046 723 et
1080 695 1308 731 summus,
1340 681 1571 739 iudexque
1604 682 1757 733 licens,
1790 682 2047 740 arbiterque

364 746 550 789 licenter
571 747 850 797 arbitrarius,
871 749 968 790 suis
989 749 1223 790 ciuitatem
1245 749 1400 805 Naym
1421 763 1529 791 cum
1551 749 1788 806 discipulis
1810 749 2047 807 turbisque

364 814 649 870 populorum
668 815 869 871 copiosis
889 815 1218 871 ingrederetur,
1237 816 1447 858 salutaris
1467 821 1575 858 tunc
1595 817 1864 867 itinerarius,
1882 818 2045 860 vnicus

363 880 507 923 vidue
535 881 782 923 cuiusdam
810 881 934 924 filius
964 881 1240 924 efferebatur
1268 882 1414 924 elatus
1444 883 1577 925 turba
1605 883 1819 940 populari
1847 883 2046 941 plurima

363 948 621 990 comitatus.
641 948 732 990 Sed
752 962 861 990 cum
880 948 1075 990 viduam
1094 948 1288 991 vidisset
1308 950 1413 1006 pius
1433 955 1690 1006 potensque
1709 950 1911 1007 prelatus
1931 950 2046 993 fleti-

363 1014 465 1064 bus,
481 1020 533 1056 ut
550 1014 617 1064 fit,
633 1014 1136 1072 lamentacionibusque
1153 1016 1460 1058 maternaliter
1477 1016 1777 1067 madidatam,
1793 1018 2047 1060 misericor-

364 1081 441 1123 dia
457 1087 613 1124 motus
629 1083 692 1124 ait
707 1082 907 1124 eiulanti:
924 1083 1121 1132 Femina,
1137 1082 1248 1125 flere
1262 1083 1368 1125 noli.
1385 1083 1722 1140 Subsequenter
1736 1089 1781 1126 et
1797 1084 1857 1126 ad
1873 1084 2045 1127 elatum

362 1149 489 1190 venit
529 1148 826 1205 loculumque
866 1150 1026 1205 tetigit,
1065 1149 1510 1206 subsistentibusque
1549 1150 1783 1200 latoribus,
1821 1150 1942 1192 elato
1981 1152 2045 1193 sic

363 1214 696 1271 subsequenter
717 1215 969 1258 subintulit:
991 1216 1291 1266 Adolescens,
1313 1216 1393 1258 tibi
1414 1216 1533 1266 dico,
1554 1231 1703 1273 surge.
1723 1218 1976 1274 Statimque
1995 1231 2046 1259 se

363 1283 443 1339 qui
468 1287 680 1324 mortuus
706 1282 856 1325 fuerat
880 1284 1021 1325 erexit
1045 1283 1223 1340 farique
1247 1284 1381 1340 cepit,
1406 1298 1581 1341 sueque
1605 1285 1769 1327 viuum
1794 1285 1928 1327 matri
1953 1285 2046 1327 iam

362 1363 458 1391 non
477 1350 671 1391 merenti
690 1349 857 1392 reddit.
878 1349 1196 1392 Indifferenter
1215 1355 1260 1392 et
1279 1351 1521 1392 vniuersos
1542 1356 1637 1393 tam
1657 1351 1853 1408 speciale
1871 1350 2046 1394 factum

363 1421 550 1473 tamque
563 1416 830 1458 mirandum
843 1418 1016 1459 summi
1029 1431 1268 1459 summum
1281 1418 1457 1459 timoris
1470 1423 1515 1459 et
1528 1418 1850 1460 admiracionis
1863 1417 2046 1475 impulit

363 1483 411 1524 in
437 1483 734 1525 incentiuum.
763 1484 917 1525 Tantis
946 1489 990 1525 et
1018 1484 1067 1525 in
1094 1489 1327 1526 tantorum
1355 1483 1484 1526 factis
1513 1484 1882 1541 mirabiliumque
1922 1484 2034 1541 153¹!

362 1549 645 1591 nouitatibus
666 1563 850 1607 semper
869 1550 1189 1592 admirabilem
1209 1550 1523 1607 glorificabant
1543 1551 1843 1593 deuotissime
1862 1552 2026 1594 Deum.

426 1616 526 1671 [23.]
549 1618 724 1659 Reuera
751 1623 846 1659 tam
873 1617 1082 1674 specialis
1109 1623 1153 1660 et
1179 1618 1262 1660 hec
1289 1619 1441 1660 anime
1466 1632 1635 1675 corpus
1661 1619 1710 1661 in
1733 1619 2045 1661 exanimatum

362 1685 602 1726 reuocacio
613 1685 723 1727 satis
734 1684 1004 1727 effectiuum
1015 1686 1138 1727 sumi
1149 1690 1301 1742 potest
1312 1685 1647 1728 inmortalitatis
1658 1686 1810 1728 anime
1821 1685 2045 1728 subtiliter

362 1751 421 1793 ab
438 1751 785 1808 inspicientibus
803 1753 852 1794 in
870 1758 1210 1809 argumentum,
1227 1767 1318 1809 que
1336 1753 1605 1795 reuocabilis
1624 1754 1686 1795 ita
1703 1754 1921 1795 remansit
1939 1758 2046 1810 post

361 1832 531 1875 corpus
548 1820 676 1861 omni
691 1819 925 1861 vitalitatis
943 1820 1134 1861 omnino
1149 1821 1445 1876 vegetacione
1461 1820 1746 1862 destitutum.
1763 1821 1874 1862 Non
1889 1825 2044 1862 autem

362 1885 448 1927 sibi
471 1890 647 1927 tantam
669 1885 756 1928 soli
779 1891 966 1942 tamque
989 1886 1236 1942 specialem
1259 1887 1384 1928 Deus
1407 1892 1452 1928 et
1475 1886 1617 1928 homo
1640 1877 1871 1928 Christus²
1892 1887 2045 1929 anime

361 1965 530 2008 corpus
557 1953 606 1994 in
630 1953 944 1994 exanimatum
969 1954 1155 1995 retinuit
1180 1954 1228 1994 in
1253 1954 1550 1994 reuocacione
1576 1958 1864 2009 potestatem,
1890 1953 1973 1995 sed
1999 1958 2045 1995 et

362 2018 460 2061 aliis
474 2019 523 2061 in
534 2020 634 2061 eius
648 2020 836 2061 nomine
849 2019 1202 2076 quampluribus
1216 2020 1419 2062 eundem
1431 2019 1777 2062 consimilemve
1789 2019 2044 2062 consixnilia

361 2084 560 2127 faciendi
584 2087 810 2128 concessit
834 2085 1003 2128 habere
1027 2085 1305 2136 facultatem,
1330 2101 1424 2143 quo
1450 2100 1633 2143 semper
1657 2086 1740 2128 sed
1767 2087 1815 2129 in
1839 2085 2043 2128 secunda

361 2153 580 2210 precipue
608 2154 719 2195 satis
748 2152 1030 2195 sufficienter
1058 2154 1210 2195 anime
1239 2159 1334 2195 tam
1362 2153 1718 2196 commendabili
1746 2154 2044 2196 reuocacione

361 2221 460 2263 Deo
480 2220 782 2278 supplicantis
802 2220 1090 2263 confidenter
1108 2221 1308 2263 hominis
1328 2226 1459 2264 notes
1480 2221 1863 2264 inmortalitatem.

933 2417 1092 2465 LIBER
1114 2415 1475 2465 VNDECIMUS³

360 2558 437 2600 Est
456 2559 583 2600 Deus
603 2563 648 2600 et
668 2558 889 2600 dominus
909 2573 1050 2616 super
1069 2559 1225 2600 omnia
1244 2559 1343 2600 iure
1361 2558 1598 2608 colendus,

360 2626 450 2668 Cui
469 2640 595 2668 mors
615 2640 727 2668 seua
747 2626 887 2668 simul
905 2626 1065 2668 crebro
1084 2626 1266 2668 fallatur
1285 2631 1330 2668 et
1350 2626 1470 2668 ultro

359 2693 462 2734 Vita
482 2706 622 2734 suum
641 2694 768 2735 venit
788 2692 848 2735 ad
869 2692 1063 2743 libitum,
1084 2692 1200 2735 dum
1219 2693 1377 2735 viuere
1397 2694 1560 2735 viuum

359 2760 438 2801 Vis
459 2774 544 2801 sua
564 2774 749 2801 summa
768 2759 876 2801 facit
895 2759 1022 2801 finali
1041 2759 1202 2801 funere
1221 2759 1444 2801 functum.

433 2980 444 3002 ¹
462 2985 653 3032 proposito
668 2985 717 3020 ed.

432 3034 446 3057 ²
462 3042 485 3076 S
501 3042 553 3076 ad.
571 3041 610 3076 in
627 3041 731 3088 before
746 3041 871 3076 anime

431 3091 446 3113 ³
460 3098 634 3144 Sequitur
649 3099 684 3138 S,
699 3098 792 3132 liber
806 3098 1027 3132 vndecimus
1043 3099 1071 3131 R
