2132 3346
244 483 295 508 185

243 816 295 842 190

242 1151 294 1176 19⁵

242 1486 293 1511 200

241 1820 292 1845 205

240 2154 291 2180 210

239 2492 290 2517 215

358 133 417 174 86
553 141 741 174 SERIUM
762 141 1068 175 SENECTUTIS

357 267 426 308 uit
449 266 578 323 quod
605 266 774 309 scilicet
798 267 837 309 is
863 258 937 309 sit¹
963 266 1391 309 commendabiliter
1414 281 1635 324 parsurus
1660 268 1741 325 qui
1765 267 2041 311 diuiciarum

357 332 494 375 fuerit
534 333 854 390 superfluitate
894 333 1208 383 fermentatus,
1248 334 1430 376 vicioue
1469 334 1750 377 crudelitatis
1790 334 2041 378 inhumane

358 400 676 450 deterioratus,
705 414 878 443 suosue
906 400 1043 443 fuerit
1071 400 1298 443 aduersus
1327 400 1442 443 deos
1470 402 1753 458 numinaque
1780 403 2041 445 contumaci

358 466 661 509 deliramento
678 467 1083 524 subsannabilique
1100 472 1346 524 grassatus.
1362 468 1472 509 Sero
1489 469 1592 524 quis
1608 469 1814 510 victurus
1830 468 2042 511 humani-

358 538 426 575 ter
447 538 516 575 est
538 533 716 576 homini
738 534 819 591 qui
839 534 998 576 viuere
1021 534 1121 576 Deo
1142 534 1472 576 contumaciter
1493 548 1589 577 non
1610 534 1842 578 erubuerit
1862 534 2040 592 religio-

357 601 490 642 nisue
505 601 764 642 sinceritati.
782 599 990 642 Profecto
1007 600 1189 642 defacili
1204 600 1342 643 fuerit
1357 602 1508 643 omnis
1526 606 1794 658 aspernator
1808 601 2041 644 consortu-

357 666 532 709 nalium
554 666 641 709 sibi
664 666 991 724 genialiterque
1012 667 1336 717 consimilium,
1359 668 1439 724 qui
1461 668 1708 710 numinum
1730 669 2040 712 reuerenciam

356 747 452 775 non
470 733 811 776 verecundatur
830 735 1079 791 aspernari,
1098 735 1420 791 potenciamue
1439 748 1745 791 supernarum
1764 734 1888 778 fastu
1905 735 2040 778 fatui·

357 801 461 842 tatis
481 805 809 857 contempnere
828 805 1124 857 potestatum.

421 866 520 921 [12]
542 868 612 909 De
630 872 797 917 cetero,
815 881 910 924 quo
928 867 1149 909 fatuitatis
1169 867 1321 910 adhuc
1341 869 1621 925 antiquitatis
1641 868 1826 911 laciuire
1843 868 1975 911 liceat
1992 869 2042 911 in

356 933 625 984 latifundiis,
647 935 785 976 Xerse
807 935 1049 977 Persarum
1070 935 1276 991 principe
1298 940 1407 977 nota
1429 935 1539 977 satis
1561 940 1630 977 est
1652 935 2040 993 diouolariterque

355 1000 540 1057 wlgaris
578 1001 850 1043 iniuriarum
886 1000 973 1043 sibi
1010 1000 1343 1044 destinatarum
1379 1001 1541 1044 Delfici
1577 1003 1780 1045 numinis
1816 1003 2040 1060 exquisita

356 1069 576 1110 seueritas
603 1068 810 1110 ulcionis.
837 1069 999 1110 Xerses
1026 1069 1150 1110 enim
1176 1068 1349 1111 bellum
1374 1083 1482 1111 cum
1507 1070 1665 1111 Grecis
1692 1070 1821 1126 prius
1847 1083 1874 1112 a
1899 1070 2040 1112 Dario

356 1140 485 1191 patre
506 1149 594 1176 suo
614 1140 803 1192 ceptum
824 1136 1139 1192 perseuerauit
1159 1127 1402 1178 instruere²
1423 1150 1505 1193 per
1525 1137 1904 1193 quinquennium.
1925 1137 2040 1179 Tan-

356 1201 558 1258 demque
579 1216 667 1244 suo
687 1203 976 1258 septingenta
997 1202 1123 1244 milia
1143 1217 1220 1245 rex
1242 1208 1525 1245 armatorum
1546 1203 1606 1245 de
1626 1217 1783 1260 regno,
1802 1204 1900 1246 suis
1919 1209 1964 1246 et
1983 1217 2039 1246 ex

356 1268 534 1310 auxiliis
547 1269 810 1311 extrinsecis
823 1283 899 1311 ccc
913 1269 1038 1311 milia
1050 1275 1365 1312 cateruauerat
1377 1275 1501 1312 certo
1514 1270 1788 1327 preliatums
1801 1284 1856 1313 ex
1869 1284 2040 1328 propo-

355 1336 458 1385 sito,
474 1335 557 1378 sed
576 1341 621 1378 et
637 1350 782 1378 naues
799 1336 1065 1393 perhibetur
1080 1336 1369 1379 coadunasse
1385 1328 1451 1379 iii³
1468 1337 1593 1379 milia
1609 1351 1818 1387 numero,
1834 1351 1929 1395 quo
1944 1351 2041 1380 non

355 1403 568 1444 inmerito
590 1404 648 1444 sit
669 1403 840 1459 scripto
862 1404 1123 1460 paginaque
1144 1395 1488 1460 perpetuatum⁴
1509 1403 1652 1446 fuisse
1673 1403 1867 1446 flumina
1887 1405 2038 1447 Xersis

355 1469 413 1511 ab
443 1470 643 1512 exercitu
674 1469 885 1512 funditus
917 1471 1154 1519 exsiccata,
1185 1476 1422 1527 totamque
1451 1471 1663 1513 Greciam
1695 1476 1845 1514 totum
1874 1485 2038 1528 capere

355 1527 486 1578 tanti⁵
520 1537 597 1578 vix
632 1537 841 1593 potuisse
875 1538 994 1593 regis
1029 1538 1290 1579 exercitum.
1325 1538 1470 1579 Tanto
1505 1543 1660 1580 tamen
1692 1538 1908 1580 exercitui
1941 1537 2038 1580 dux

355 1602 503 1645 defuit
524 1603 584 1645 ad
605 1603 856 1660 expediens
878 1604 1130 1653 animosus,
1149 1609 1201 1646 ut
1221 1605 1300 1660 qui
1321 1604 1759 1647 consuetudinaliter
1778 1605 1956 1661 primus
1975 1604 2037 1647 ad

354 1670 528 1726 fugam,
557 1670 617 1712 ad
647 1684 855 1727 pugnam
884 1676 1161 1727 postremus,
1190 1672 1332 1713 animi
1360 1671 1533 1713 vilitate
1561 1673 1739 1714 remissi
1767 1671 1885 1714 foret
1913 1672 2038 1714 insti·

355 1742 500 1793 gatus:
523 1738 571 1779 in
589 1737 803 1793 periculis
824 1738 989 1780 timore
1009 1729 1312 1794 prepropero⁶
1330 1743 1661 1788 consternatum
1694 1738 1806 1795 {16¹1
1837 1737 2038 1788 inflatus,

354 1804 662 1860 superbiaque
678 1809 862 1846 tumens
878 1805 927 1846 in
941 1805 1334 1861 prosperitatibus.
1351 1806 1718 1861 Uerumptamen
1731 1805 1917 1847 bellicos
1933 1810 2038 1848 ante

353 1884 643 1927 congressus,
669 1872 840 1913 virium
868 1871 1041 1913 fiducia
1069 1871 1145 1914 uel
1173 1871 1521 1928 opulenciamm
1547 1872 1675 1914 velut
1702 1873 1847 1929 ipsius
1875 1877 2037 1915 nature

354 1937 558 1979 domitor
583 1937 659 1980 uel
686 1937 921 1987 dominus,
947 1943 992 1980 et
1019 1944 1199 1981 montes
1227 1939 1275 1981 in
1301 1939 1544 1995 planiciem
1570 1939 1817 1982 nonnullos
1844 1939 2038 1982 deduxit

352 2004 637 2060 valliumque
657 2018 863 2047 connexa
883 2019 979 2047 non
998 2005 1123 2047 nulla
1143 2006 1468 2062 complanauit.
1490 2007 1638 2048 Maria
1657 2006 1861 2062 quedam
1881 2006 2037 2062 ponci·

353 2085 435 2112 um
453 2072 695 2128 preignara
714 2071 933 2128 pontibus
952 2073 1127 2121 strauit,
1145 2073 1458 2129 nauigacionis
1477 2078 1522 2114 et
1540 2072 1600 2114 ad
1619 2072 1924 2114 commodum
1941 2086 2037 2114 non

353 2137 478 2180 nulla
513 2137 721 2189 deduxit,
754 2138 1061 2181 artificialium
1095 2139 1231 2196 longe
1265 2140 1538 2197 pertinacior
1572 2139 1632 2182 ad
1666 2140 2036 2197 contignaciones

352 2220 494 2263 quam
506 2207 926 2249 controuersiarum
938 2207 1203 2249 bellicarum
1216 2207 1381 2250 dubias
1393 2213 1438 2250 et
1450 2207 1591 2250 duras
1603 2207 1663 2250 ad
1675 2208 2035 2265 congressiones.

352 2274 490 2316 Unde
508 2275 626 2316 sicut
643 2275 743 2317 eius
762 2275 996 2332 ingressus
1014 2276 1172 2317 Grecis
1191 2275 1452 2318 admodum
1470 2275 1679 2318 terribilis
1697 2275 1784 2318 fuit
1801 2281 1846 2318 et
1863 2275 2037 2318 aduen-

353 2347 427 2384 tus
467 2342 833 2392 abhominabilis,
871 2343 935 2385 sic
974 2343 1186 2385 eiusdem
1224 2342 1311 2386 fuit
1349 2343 1526 2386 eisdem
1565 2343 1765 2401 denique
1804 2343 2035 2386 discessus

352 2423 535 2451 summe
549 2409 900 2459 subsannabilis,
914 2409 1116 2467 fugaque
1130 2410 1275 2452 fetens
1289 2416 1334 2452 et
1348 2410 1469 2460 feda,
1483 2410 1861 2468 derisibiliterque
1875 2411 2034 2468 turpis.

416 2476 515 2530 [13.]
538 2477 722 2533 Nempe
754 2490 863 2519 cum
895 2478 1226 2534 Spartanorum
1259 2491 1336 2519 rex
1370 2478 1586 2527 Leonida,
1618 2478 1803 2520 milibus
1836 2477 2035 2519 militum

352 2543 652 2585 solummodo
669 2549 869 2600 quatuor
886 2545 1145 2593 comitatus,
1163 2545 1396 2601 angustias
1415 2559 1530 2601 quas
1547 2544 1748 2586 crebrius
1767 2545 2035 2601 preinuesti-

425 2741 435 2763 ¹
454 2747 477 2781 S
493 2747 544 2780 ad.
562 2747 626 2793 qui
644 2746 749 2793 before
763 2747 1110 2781 commendabiliter

424 2797 437 2819 ²
453 2803 593 2837 bellum
611 2813 698 2837 cum
716 2803 843 2838 Grecis
934 2803 1183 2850 perseuerauit
1202 2804 1392 2847 instruere]
1413 2804 1552 2838 bellum
1572 2831 1579 2838 .
1595 2831 1624 2838 ..
1643 2804 1824 2838 aduersus
1840 2803 2033 2838 Graeciam

351 2885 359 2892 .
374 2885 381 2893 .
396 2885 403 2892 .
420 2859 589 2893 instruxit
603 2859 726 2903 lustin,
740 2870 827 2894 cum
843 2859 983 2894 bellum
1002 2886 1009 2893 .
1024 2886 1031 2893 .
1046 2886 1054 2893 .
1071 2866 1338 2906 perseuerasset
1354 2860 1532 2894 instruere
1548 2861 1571 2894 S

422 2908 437 2931 ³
452 2924 512 2948 ccc
529 2915 552 2949 S

422 2966 437 2988 ⁴
452 2971 699 3017 perpetuatim
717 2972 740 3006 S

422 3020 437 3043 ⁵
453 3033 597 3062 tantum
615 3028 638 3062 S

422 3077 436 3099 ⁶
452 3094 517 3131 pre
533 3094 731 3131 propeoero
747 3085 770 3119 S
