2132 3346
236 424 287 449 205

236 759 286 783 210

235 1093 286 1118 215

235 1428 286 1453 220

234 2434 285 2460 235

349 142 439 183 130
575 150 763 183 SERIUM
784 150 1090 183 SENECTUTIS

413 273 512 328 [14.]
534 274 740 316 Subinde
752 275 1044 331 supponitur:
1058 275 1223 316 Beatus
1237 275 1317 331 qui
1330 275 1498 317 tenebit
1512 289 1622 317 suos
1635 280 1680 317 et
1693 275 1850 317 allidet
1861 289 2031 332 paruu-

349 341 418 383 los
444 341 504 383 ad
530 346 721 397 petram.
747 341 923 383 Reuera
946 342 1112 383 viuens
1135 341 1278 383 homo
1303 342 1383 398 qui
1405 342 1526 383 viuis
1551 341 1797 384 bellissime
1820 347 2032 384 censetur

349 422 450 449 esse
467 407 644 457 beatus,
661 408 742 464 qui
759 421 932 464 prauos
950 422 1005 449 ex
1023 422 1159 449 carne
1175 413 1414 449 nascentes
1432 408 1573 449 animi
1591 409 1858 465 primosque
1875 413 2030 450 motus

351 474 589 531 (paruulos
610 474 839 516 Babilonis
857 474 1073 516 videlicet
1091 480 1224 516 natos
1243 488 1298 516 ex
1317 474 1412 516 filia
1431 474 1631 530 filiolos),
1650 489 1708 517 ne
1727 476 2031 531 perniciosam

349 541 603 598 procedant
617 541 678 583 ad
693 542 998 583 crescenciam
1012 541 1243 598 libereque
1257 541 1543 583 luxurientur
1557 541 1618 583 ad
1633 542 1895 598 perniciem,
1909 547 2032 584 tenet

348 614 393 650 et
408 608 469 650 ad
485 613 664 664 petram
679 621 770 664 que
785 607 996 650 Christus
1011 613 1080 649 est
1095 599 1271 657 allidit,1
1287 622 1382 664 quo
1395 607 1614 650 confracti
1629 609 2031 665 maturacioneque

349 676 625 731 tempestiua
661 675 872 731 preuenti
909 674 1186 731 dispereant,
1221 675 1424 731 citraque
1459 675 1762 716 crescenciam
1798 675 2032 717 maturita-

349 733 523 783 temue²
541 741 811 783 medullitus
830 742 1064 783 intereant.
1084 741 1312 783 Babilonis
1331 741 1538 798 profecto
1555 741 1649 783 filia
1667 741 1766 783 fore
1782 755 1889 783 caro
1906 755 2032 783 com-

349 809 663 865 petentissime
700 808 868 849 dicitur
904 813 949 849 et
985 808 1218 865 alumpna.
1256 809 1439 864 Nempe
1475 809 1701 850 viciorum
1737 808 2031 850 confusiones

348 875 554 932 ingerere
577 875 857 917 mansuescit
881 874 1226 931 sompniculosa
1248 874 1451 931 vigilque
1474 875 1655 917 virtutis
1679 880 1731 917 ut
1754 874 2032 924 aduersaria,

348 943 422 984 cui
447 942 771 999 compensacio
798 941 1070 998 dignissima
1096 941 1196 984 dari
1221 946 1329 984 tunc
1355 942 1665 984 sensatissime
1689 946 1900 984 censetur
1923 955 2032 984 cum

348 1010 466 1051 sicut
490 1010 677 1051 incitare
701 1009 851 1066 pergit
875 1008 936 1050 ad
961 1008 1127 1058 illicita,
1151 1009 1215 1050 sic
1241 1008 1530 1050 acerbissime
1554 1023 1763 1066 repressa
1785 1008 2032 1051 virtutibus

348 1076 551 1118 subiecta
575 1076 800 1118 seruiliter
823 1075 1071 1118 ancilletur.
1096 1076 1241 1118 Cuius
1266 1075 1395 1118 filioli
1419 1075 1535 1118 dum
1558 1075 1678 1118 male
1701 1076 1795 1118 nati
1818 1081 2030 1133 parentes

348 1144 494 1185 eciam
505 1144 719 1200 proprios
732 1148 894 1200 parent
905 1142 1134 1184 suffocare
1146 1142 1486 1200 peccaminibus
1498 1143 1910 1199 excrescenciisque
1921 1143 2032 1192 suis,

348 1211 494 1252 eciam
533 1210 791 1267 deprauare
828 1211 1032 1252 nitantur
1069 1209 1313 1259 erroribus,
1351 1209 1429 1251 tali
1467 1209 1736 1266 dignissime
1774 1209 1886 1252 tales
1924 1215 2032 1251 sunt

348 1278 723 1319 remuneracione
739 1276 1055 1334 preueniendi,
1071 1291 1165 1333 quo
1181 1276 1297 1319 dum
1313 1278 1446 1333 parui
1462 1282 1570 1319 sunt
1584 1282 1629 1319 et
1658 1276 1774 1333 131Ἴ
1802 1276 2031 1319 inbecilles

348 1345 679 1386 interueniente
697 1345 795 1386 veri
813 1358 924 1386 vera
943 1344 1210 1400 cognicione
1229 1344 1315 1385 Dei
1334 1344 1605 1400 priusquam
1622 1343 1752 1385 virile
1770 1344 2032 1400 viriumque

347 1413 534 1453 veniant
549 1411 609 1453 ad
624 1411 778 1460 robur,
793 1411 854 1452 ad
869 1416 1049 1467 petram
1063 1410 1384 1452 difficultatem
1397 1412 1508 1452 citra
1522 1411 1828 1467 periculosam
1842 1410 2032 1452 letaliter

348 1477 607 1519 allidantur.
623 1478 714 1519 Sed
731 1483 776 1519 et
792 1478 832 1519 si
848 1479 1072 1519 maiorem
1087 1477 1205 1519 forte
1222 1478 1463 1534 perniciter
1479 1477 1538 1519 ad
1555 1483 1723 1519 etatem
1740 1477 2031 1533 peruenerint

348 1550 392 1586 et
409 1544 469 1586 ad
486 1544 763 1594 virilitatem.
779 1544 882 1586 licet
897 1545 1173 1586 interuenire
1188 1544 1447 1593 videantur,
1464 1549 1571 1585 tunc
1589 1543 1872 1585 difficultatis
1888 1544 2032 1600 impe-

349 1603 576 1653 dimento³
592 1611 917 1653 nichilominus
935 1612 1265 1652 interimantur.
1283 1610 1401 1652 Talis
1418 1611 1571 1667 itaque
1588 1616 1683 1652 tam
1699 1611 1874 1652 sincera
1890 1611 2031 1652 racio-

347 1679 418 1720 nis
433 1678 748 1721 intellectusve
761 1678 1170 1734 contemplacione.
1183 1678 1478 1720 beatitudinis
1493 1669 1807 1734 propriorum⁴
1821 1691 2032 1734 peremp-

347 1746 479 1787 cione
507 1745 813 1802 paruulorum
841 1745 971 1787 rudis
1001 1751 1046 1787 et
1074 1745 1285 1787 anomale
1314 1746 1600 1802 procacitatis
1629 1745 1838 1787 examine
1865 1743 2030 1786 friuola

347 1812 558 1855 funditus
594 1818 639 1855 et
675 1812 935 1869 irregularis
972 1813 1359 1862 inconueniencia,
1394 1812 1718 1854 conueniencie
1752 1811 2031 1868 competenti

348 1879 572 1922 solidetur
591 1881 640 1922 in
658 1881 946 1937 apparencia.

412 1947 511 2002 [15]
533 1948 747 2004 Sequitur
782 1948 929 1990 eciam
966 1947 1309 2004 subsequenter:
1347 1948 1487 2004 Ligna
1524 1947 1676 2003 campi
1711 1946 1837 1988 cedri
1873 1945 2031 1988 Libani

348 2015 676 2057 saturabuntur
696 2029 811 2072 quas
833 2014 1070 2072 plantauit.
1091 2014 1181 2056 Sed
1202 2028 1261 2056 ne
1281 2015 1490 2071 protinus
1511 2014 1571 2056 ad
1593 2013 1698 2055 talia
1719 2019 1797 2055 tua
1817 2027 1903 2070 pro
1923 2026 2030 2055 con-

347 2082 594 2124 suetudine
613 2083 875 2124 contumaci
893 2083 1148 2139 proteruire
1168 2095 1424 2139 presumas,
1441 2081 1824 2137 cachinnatorque
1843 2093 2031 2137 prepro-

347 2141 506 2206 perus⁵
540 2155 585 2192 et
619 2163 789 2206 procax
824 2141 1118 2206 proteruiter⁶
1151 2149 1380 2205 aggarrire
1413 2163 1509 2190 non
1540 2147 1864 2190 verecunderis
1898 2147 2031 2204 quasi

347 2217 580 2272 lignorum
594 2217 823 2258 saturacio
837 2216 1144 2258 cedrorumve
1159 2217 1349 2257 sacietas
1365 2215 1556 2257 ridicula
1571 2216 1629 2257 sit
1643 2215 2030 2257 inconueniensve

347 2288 391 2325 et
409 2283 625 2332 absurda,
642 2284 905 2339 racionique
922 2282 1421 2338 consuetudinarioque
1437 2281 1567 2324 fandi
1584 2281 1728 2323 modo
1745 2281 1955 2323 funditus
1973 2281 2031 2322 sit

347 2351 632 2400 inconcinna,
648 2364 743 2407 quo
760 2355 838 2392 tua
856 2351 1193 2406 temperancius
1210 2351 1258 2391 in
1274 2350 1526 2391 temeritate
1542 2348 1762 2391 voluteris
1779 2353 1823 2390 et
1839 2349 1903 2390 sic
1920 2361 2031 2390 sane

347 2409 529 2474 positis⁷
561 2418 609 2460 in
639 2416 884 2474 superficie
915 2417 1013 2459 sola
1045 2422 1127 2459 tuo
1157 2416 1234 2459 uel
1265 2416 1551 2473 aliquatenus
1582 2416 1791 2458 examine
1821 2406 1952 2457 reris⁸
1983 2415 2031 2457 in

347 2485 735 2534 inconueniencia;
754 2484 1032 2526 notabilibus
1051 2483 1225 2540 aliquid
1245 2489 1425 2525 sensate
1443 2482 1879 2539 subintelligendum
1898 2481 2030 2524 relin-

420 2695 431 2716 ¹
450 2705 548 2734 tenet
565 2726 572 2734 .
588 2726 595 2734 .
610 2726 617 2734 .
634 2699 766 2743 allidit]
785 2705 910 2733 tenent
928 2725 935 2733 .
950 2725 957 2733 .
972 2725 979 2733 .
995 2699 1155 2733 allidunt
1171 2699 1194 2733 S

419 2751 433 2773 ²
450 2756 747 2790 maturianamue
763 2757 786 2790 S

419 2805 434 2828 ³
450 2812 764 2859 impedimentum
781 2813 804 2846 S

419 2862 434 2884 ⁴
449 2868 697 2916 propriorum]
716 2868 1026 2915 improperiorum
1043 2869 1065 2902 S

419 2918 434 2941 ⁵
449 2924 695 2971 prepropeiiis
712 2925 735 2958 S

419 2975 434 2998 ⁶
449 2987 644 3027 proteruus
661 2982 684 3015 S

419 3030 435 3053 ⁷
449 3037 500 3072 sic
517 3048 606 3072 sane
622 3037 752 3084 positis
767 3043 803 3071 et
820 3038 843 3071 S

419 3087 433 3109 ⁸
450 3104 530 3128 reor
545 3095 568 3128 S
