2132 3346
244 976 296 1001 550

244 1310 296 1336 555

244 2315 296 2340 570

244 2651 296 2677 575

358 158 448 200 106
584 166 772 200 SERIUM
793 166 1099 200 SENECTUTIS

359 291 605 333 demeritas
624 305 728 333 sero
746 296 903 333 tamen
919 292 1319 348 periuriorumque
1336 291 1475 333 simul
1491 297 1537 333 et
1554 291 1879 348 prodicionum
1895 305 2039 348 penas

358 359 579 414 exigente,
591 357 837 400 crudeliter
849 363 1143 414 amputatum
1155 363 1300 400 totam
1312 357 1629 400 circumfertur
1641 359 1752 400 aciei
1764 372 1847 414 per
1857 359 2039 400 vniuer-

358 426 540 467 sitatem
578 425 887 467 communiter
924 424 1260 467 subsannatum
1298 424 1454 467 lancea
1492 424 1784 481 preinfixum,
1821 438 1915 481 quo
1953 424 2040 467 fuit

357 491 521 534 efficax
539 491 742 534 horroris
761 492 1058 534 incentiuum.
1077 492 1229 534 Lentis
1248 490 1455 548 profecto
1473 492 1630 548 sepius
1649 491 1808 534 diuina
1826 491 2039 549 passibus

358 558 609 616 procedere
624 559 868 600 consueuit
882 558 1018 608 ulcio,
1033 572 1169 600 suam
1184 563 1340 600 tamen
1354 558 1554 615 denique
1570 558 1831 600 tarditatem
1846 571 2040 615 pensare

358 625 617 682 penalitatis
637 625 754 667 solet
773 624 934 667 acerbe
952 639 1061 667 cum
1080 625 1321 682 supplicio.

422 691 522 746 [35]
544 693 656 734 Non
670 691 808 734 nullis
825 693 972 734 eciam
987 691 1223 734 familiaris
1239 696 1309 733 est
1324 696 1370 733 et
1386 692 1561 748 optime
1576 696 1685 733 nota
1702 692 1812 733 satis
1828 705 2040 734 enormes

357 758 612 800 exacerbati
627 772 711 815 per
726 759 915 800 iniurias
930 757 1193 815 Appollinis
1210 757 1270 800 ad
1287 759 1403 800 iram
1418 749 1703 808 iurisdictio,1
1719 757 2040 815 subsequentis

358 825 504 867 illatas
530 825 592 867 ob
617 826 806 867 iniurias
833 824 1076 867 acerbitate
1102 824 1360 882 penalitatis
1386 824 1727 882 specialissima,
1752 816 1863 882 qua²
1886 823 2041 867 Gallo-

358 906 463 934 rum
488 891 658 934 ducem
682 892 931 934 Brennium
955 890 1198 934 derisibilis
1223 891 1394 934 deduci
1418 892 1682 948 procurauit
1706 891 1954 934 delecionis
1978 890 2039 934 ad

358 960 708 1016 improperium,
738 958 846 1001 fede
875 963 1202 1001 consumatum
1233 958 1464 1001 fatalitatis
1496 958 1556 1001 ad
1587 958 1902 1001 infortunium.
1934 958 2039 1000 Dux

357 1027 482 1068 enim
495 1026 737 1068 Gallorum
751 1017 1007 1075 BrenniuS,³
1022 1031 1271 1082 postquam
1285 1026 1468 1067 nemine
1483 1025 1752 1082 prohibente
1766 1024 2040 1067 Macedonie

358 1094 505 1134 tocius
531 1084 686 1149 agros⁴
710 1097 756 1134 et
779 1093 987 1134 ciuitates
1013 1092 1332 1134 manubialiter
1356 1097 1633 1141 extenuerat,
1657 1093 1790 1148 quasi
1814 1092 2040 1134 terrestria

358 1159 444 1202 sibi
463 1160 556 1201 iam
575 1159 724 1216 spolia
743 1159 984 1201 sorderent
1002 1164 1047 1201 et
1066 1158 1334 1208 subsolaria,
1353 1172 1480 1201 sacra
1499 1150 1590 1200 sui⁵
1609 1158 1728 1200 male
1747 1158 1833 1200 sibi
1851 1157 2040 1200 sorden-

358 1227 415 1269 tis
464 1226 576 1283 {23¹1
623 1227 765 1268 animi
798 1227 1071 1268 voracitates
1105 1231 1283 1268 vertere
1317 1225 1514 1268 deorum
1549 1240 1644 1268 non
1676 1224 1946 1268 formidauit
1979 1224 2040 1267 ad

358 1293 542 1350 templa.
557 1294 796 1350 Suumque
811 1298 906 1335 tam
920 1293 1244 1335 subsannabile
1258 1293 1550 1349 propositum
1565 1292 1810 1334 scurilitate
1823 1293 2042 1349 prosequi

357 1374 453 1402 non
490 1360 721 1402 dubitauit
758 1361 822 1402 sic
859 1359 1166 1417 ystrionaliter
1202 1361 1369 1401 iocosa.
1408 1359 1727 1416 Locupletatos
1764 1360 1827 1401 ait
1863 1358 2040 1415 sibique

358 1441 648 1484 superuacua
664 1427 957 1483 possidentes
973 1426 1126 1483 largiri
1143 1426 1257 1468 deos
1273 1426 1537 1468 hominibus
1554 1431 1779 1482 oportere,
1795 1426 2040 1482 statimque

358 1499 454 1536 tam
479 1494 774 1536 temerarium
799 1507 942 1550 quam
967 1493 1053 1535 sibi
1078 1494 1389 1549 perniciosum
1413 1492 1571 1535 Delfos
1596 1506 1759 1534 uersus
1785 1493 1869 1534 iter
1891 1492 2040 1540 vertit,

358 1560 646 1617 predamque
687 1561 948 1602 reuerencie
990 1559 1235 1616 religionis,
1276 1565 1321 1601 et
1362 1573 1529 1601 aurum
1570 1559 1767 1601 deorum
1807 1558 2040 1616 preferens

358 1626 550 1677 offense,
573 1627 863 1684 deorumque
885 1626 1153 1669 numinibus
1175 1631 1220 1669 et
1243 1626 1574 1676 maliuolencie,
1595 1639 1713 1683 quos
1736 1626 1881 1668 eciam
1903 1624 2040 1668 nullis

358 1694 564 1752 indigere
585 1693 766 1736 dicebat
785 1693 1054 1751 opulenciis,
1073 1699 1125 1736 ut
1144 1694 1224 1751 qui
1243 1693 1352 1736 solis
1372 1708 1450 1736 eas
1469 1692 1733 1735 hominibus
1754 1692 1906 1750 largiri
1924 1691 2041 1734 sole-

358 1767 437 1804 ant
455 1767 717 1804 constanter
736 1761 1023 1804 subridendo
1044 1767 1200 1803 tamen
1218 1761 1453 1818 allegabat.

394 1847 397 1854 ¹
422 1828 522 1883 [36.]
545 1830 622 1871 Est
652 1834 822 1879 autem,
852 1829 970 1871 sicut
1002 1828 1099 1885 (qui
1128 1843 1296 1885 magna
1327 1828 1387 1870 de
1417 1828 1596 1884 magnis
1625 1827 1711 1870 fari
1739 1826 2039 1882 consueuere)

358 1896 599 1953 perhibent
618 1901 768 1953 poete,
789 1895 1017 1953 templum
1037 1895 1181 1938 Delfis
1201 1896 1402 1938 Parnasii
1422 1895 1591 1937 montis
1612 1895 1661 1937 in
1679 1908 1795 1952 rupe
1814 1894 1956 1936 situm
1975 1893 2040 1936 sic

358 1963 633 2020 Appollinis.
653 1964 808 2020 Rupes
826 1963 1034 2020 vndique
1053 1968 1374 2005 concurrentes
1394 1963 1442 2005 in
1458 1976 1515 2005 eo
1534 1976 1646 2004 saxo
1663 1962 1958 2011 conueniunt;
1976 1961 2040 2003 sic

359 2030 586 2087 templum
598 2031 925 2087 ciuitatemque
937 2044 1033 2072 non
1044 2031 1166 2072 muri
1179 2029 1451 2072 manualiter
1461 2029 1568 2072 facti
1581 2029 1664 2071 sed
1678 2029 1934 2085 precipicia,
1946 2041 2042 2070 non

358 2097 609 2139 artificialia
623 2097 707 2139 sed
722 2096 960 2146 naturalia,
974 2110 1217 2139 murorum
1229 2097 1353 2138 vices
1367 2095 1645 2153 supplendo,
1659 2109 1745 2152 pro
1758 2095 1903 2137 muris
1915 2095 2041 2137 ciues

358 2169 403 2206 et
437 2164 665 2221 templum
698 2165 1025 2221 ciuitatemque
1060 2163 1331 2213 defendunt,
1364 2177 1459 2220 quo
1493 2163 1551 2205 sit
1584 2162 1660 2205 uel
1693 2176 1794 2205 esse
1827 2161 2041 2204 videatur

358 2245 575 2288 prorsum
589 2232 814 2273 incertum
828 2231 1232 2273 munimentumue
1245 2230 1333 2273 loci
1346 2230 1621 2272 maiestasue
1634 2229 1910 2286 potestatiua
1923 2227 2041 2271 Delii

358 2299 544 2340 maioris
563 2298 649 2340 sibi
666 2297 719 2340 fit
736 2297 1061 2340 admiracionis
1078 2298 1386 2340 excitatiuum.
1404 2296 1563 2339 Media
1579 2296 1771 2354 quidem
1787 2296 1884 2338 saxi
1900 2309 2039 2352 rupes

358 2366 407 2408 in
427 2365 590 2408 theatri
612 2364 963 2408 similitudinem
984 2364 1275 2422 formamque
1296 2356 1450 2414 cedit,⁶
1471 2377 1565 2421 quo
1586 2363 1639 2406 fit
1660 2369 1712 2406 ut
1732 2369 1777 2406 et
1797 2362 2041 2406 hominum

357 2432 531 2475 clamor
549 2433 611 2489 (et
627 2433 666 2474 si
682 2432 872 2489 quando
889 2432 1016 2474 solus
1034 2431 1248 2474 acciderit
1264 2431 1567 2481 aduenticius,
1581 2429 2040 2487 compersonantibus

358 2500 475 2542 inter
492 2513 542 2542 se
560 2498 1063 2556 conresonantibusque
1082 2498 1275 2556 rupibus
1294 2498 1445 2540 audiri
1462 2497 1676 2540 videatur
1693 2495 2039 2554 multiplicatus)

358 2567 555 2624 amplior
582 2581 724 2624 quam
753 2567 871 2609 sicut
898 2566 1052 2609 editur
1079 2580 1293 2608 resonare
1321 2566 1560 2608 senciatur.
1589 2565 1693 2617 Que
1720 2578 1792 2607 res
1821 2569 2041 2606 terrorem

358 2635 603 2677 maiestatis
619 2634 765 2676 multo
779 2635 1000 2676 maiorem
1015 2634 1079 2676 rei
1093 2634 1320 2676 racionem
1335 2632 1637 2690 perfunctorie
1649 2630 2037 2674 considerantibus

431 2822 443 2844 ¹
460 2828 630 2863 iuridicta
648 2829 671 2863 S

430 2877 444 2900 ²
461 2886 484 2919 S
500 2885 551 2919 ad.
568 2884 697 2919 Gallos
713 2884 818 2931 before
831 2884 1026 2919 Gallorum

430 2934 445 2957 ³
460 2939 640 2974 Brennius
657 2940 692 2980 S,
707 2940 874 2973 Brennus
888 2939 997 2982 lustin

430 2990 445 3013 ⁴
460 3006 569 3042 agros
583 2995 705 3039 lustin,
720 3005 784 3030 om.
803 2996 826 3030 S

431 3045 445 3068 ⁵
461 3063 528 3086 sua
545 3053 568 3086 S

430 3101 445 3124 ⁶
459 3108 558 3142 cedit
575 3109 610 3148 S,
625 3108 771 3142 recessit
786 3107 895 3151 lustin
