2132 3346
241 569 292 594 100

240 904 291 929 105

239 1238 291 1262 110

239 1572 290 1597 115

239 1909 252 1933 1
257 1908 290 1933 20

239 2242 290 2267 125

238 2581 289 2605 130

354 152 444 193 124
580 160 767 194 SERIUM
789 160 1094 194 SENECTUTIS

354 285 641 341 procacitatis
661 285 710 326 in
727 284 913 334 iudicio,
932 284 1015 326 sed
1049 284 1140 341 129ῐ
1154 285 1161 341 Ι
1191 299 1274 327 nec
1293 286 1439 327 eciam
1458 300 1545 327 suo
1562 286 1796 328 Salomoni
1814 287 2036 343 sapientia

353 351 542 393 condito
562 351 821 393 Salomonis
842 352 891 393 in
910 351 1109 408 eloquin,
1129 352 1243 408 quin
1261 353 1590 394 contumaciter
1610 358 1655 394 et
1675 353 1898 409 euestigio
1918 353 2036 396 iudi-

353 423 539 460 caturus
561 417 683 460 fores
706 418 835 475 quod
858 418 1020 460 talium
1042 419 1276 460 iuncturas
1299 418 1590 461 dissonancia
1611 419 1687 461 uel
1708 420 2036 462 inconcinnitas

353 486 437 527 iret
461 485 741 541 impeditum
766 485 1123 527 deterioraretue
1146 485 1410 535 verborum,
1433 486 1509 528 uel
1533 486 1660 542 quod
1686 487 2036 530 coniunctorum

353 552 847 608 coniungendorumve
896 553 1271 594 convenienciam
1321 554 1650 595 contrarietatis
1701 553 2036 596 inexorabilitas

354 618 600 676 impediret
618 618 695 661 uel
714 618 1080 661 inconsciliabilis
1101 620 1354 676 opposicio.

418 686 489 741 [7.]
512 687 792 744 Contempta
808 691 964 729 tamen
978 687 1046 729 tui
1061 691 1157 728 tam
1172 687 1411 729 temeraria
1427 688 1701 744 procacitate
1716 687 1874 730 iudicii
1888 701 2037 730 remo-

353 754 451 796 cius
471 759 516 796 et
535 753 784 796 amandata
803 753 879 796 uel
898 754 1089 796 omnino
1109 755 1270 810 pocius
1291 753 1541 804 obliterata,
1560 755 1769 811 potencie
1788 754 2036 812 spiritualis

353 826 398 863 et
412 822 642 877 sapiencie
655 822 728 863 vir
740 821 960 863 Salomon
974 822 1081 877 agni
1095 822 1256 863 stantis
1271 822 1320 863 in
1333 826 1503 870 monte,
1517 822 1678 878 sponsi
1691 822 1848 878 sepius
1863 823 1937 864 sui
1950 821 2037 864 sibi

353 888 668 944 prepromissi,
698 901 794 929 non
822 893 1007 929 veretur
1036 887 1275 929 ecclesiam
1305 887 1436 929 fateri
1466 887 1729 930 luculenciis
1760 893 1805 930 et
1835 902 2037 930 asserere

352 953 614 995 verbalibus
645 954 873 1010 expressis
905 955 997 996 oris
1029 954 1242 996 osculum
1273 953 1549 1003 desiderare,
1579 968 1674 1011 quo
1703 955 2036 996 coniunctionis

353 1020 600 1062 dulcedine
628 1021 1048 1077 conuenienciaque
1076 1026 1313 1062 contactus
1342 1020 1554 1077 adeoque
1582 1020 1792 1063 salutaris
1821 1034 2037 1078 sponsus,

352 1093 546 1144 vtraque
560 1087 731 1129 faciens
745 1101 907 1137 vnum,
922 1088 1047 1144 pacis
1063 1088 1338 1129 interuenire
1352 1087 1519 1129 faceret
1533 1093 1577 1129 et
1591 1089 1683 1130 oris
1699 1087 1922 1130 osculum.
1938 1088 2036 1130 Nec

353 1153 519 1196 talibus
539 1155 611 1196 vir
630 1154 750 1196 adeo
771 1146 998 1211 preditus¹
1021 1154 1161 1203 idem,
1182 1159 1260 1196 tue
1279 1154 1477 1196 cancella
1498 1146 1644 1196 tutus²
1663 1155 1773 1196 satis
1793 1153 2037 1196 efficaciter

353 1222 582 1263 sentencie
610 1220 686 1263 uel
714 1221 886 1269 iudicii,
915 1220 1020 1263 talia
1050 1221 1210 1263 talium
1238 1222 1356 1263 circa
1385 1221 1791 1263 matrimonialium
1819 1221 2037 1263 federalia

353 1288 664 1329 sensatissime
679 1287 810 1329 fandi
825 1287 1027 1329 substitit
1041 1288 1089 1330 in
1103 1287 1286 1329 finibus.
1301 1287 1391 1329 Sed
1407 1293 1451 1329 et
1467 1301 1638 1344 sponse
1652 1289 1812 1344 sponsi
1826 1287 2036 1330 salutaris

353 1354 566 1396 osculum
593 1354 899 1396 desiderantis
927 1355 1161 1411 presencie
1188 1355 1252 1396 sic
1280 1354 1610 1411 subsequenter
1637 1355 1858 1411 supponit
1883 1354 2038 1404 verba,

352 1421 524 1463 causali
562 1421 768 1478 quadam
807 1423 940 1478 quasi
977 1421 1385 1478 contemplacione,
1424 1422 1727 1464 subiunctiua:
1767 1422 1888 1473 Quia
1925 1423 2036 1464 vino

353 1488 542 1530 meliora
577 1494 685 1530 sunt
718 1488 859 1530 vbera
893 1494 1001 1530 sunt
1034 1494 1079 1530 et
1112 1490 1358 1545 vnguentis
1393 1490 1579 1545 optimis
1614 1488 1932 1545 fragranciora.
1965 1489 2036 1530 Sic

353 1556 506 1612 itaque
529 1557 602 1597 sui
624 1570 797 1612 sponsa
820 1557 982 1612 sponsi
1003 1555 1102 1597 fore
1124 1561 1332 1612 patenter
1354 1557 1502 1597 innuit
1524 1557 1774 1612 asseritque
1795 1555 2037 1598 verbaliter

352 1622 508 1672 ubera,
524 1637 614 1679 que
630 1637 726 1665 non
742 1637 926 1665 marum
942 1622 1025 1665 sed
1044 1637 1128 1665 sua
1145 1622 1445 1664 solummodo
1461 1623 1708 1664 mulierum
1724 1636 1835 1664 sane
1849 1636 2035 1664 censen-

353 1695 427 1732 tur
461 1704 563 1732 esse
599 1690 851 1732 muliebria.
888 1691 1257 1746 Uerumptamen
1291 1690 1438 1732 taliter
1473 1691 1781 1739 enunciatum,
1817 1695 1898 1732 tuo
1933 1689 2036 1732 licet

352 1758 561 1799 examine
574 1758 816 1799 temerario
829 1758 887 1799 sit
900 1758 1228 1799 inconueniens
1240 1762 1285 1799 et
1297 1758 1636 1806 inconcinnum,
1647 1756 1842 1814 figurate
1854 1757 2036 1799 sinceri-

353 1825 525 1881 tatique
545 1825 740 1866 racionis
761 1839 857 1867 non
876 1826 1146 1866 inconcinne
1166 1824 1518 1881 significacionis
1538 1830 1607 1866 est
1627 1825 1921 1873 innuitiuum,
1941 1837 2035 1880 quo

352 1891 428 1933 uel
443 1891 708 1933 elocucione
725 1891 803 1933 tali
818 1892 1032 1933 carminis
1050 1892 1098 1933 in
1113 1892 1248 1933 inicio
1264 1883 1479 1948 figurata³
1496 1905 1546 1933 se
1561 1890 1756 1948 figurate
1771 1890 1878 1932 sub-
1906 1891 1913 1947 Ι
1927 1889 2002 1932 29v
2017 1891 2024 1947 Ι

352 1964 595 2015 sequenter
615 1973 716 2000 esse
737 1951 956 2000 declarat⁴
976 1958 1252 2000 locuturum.

416 2025 487 2079 [8.]
510 2026 622 2067 Non
636 2031 792 2067 autem
808 2026 872 2067 sic
889 2025 1016 2067 solus
1032 2026 1261 2082 sapiencie
1275 2025 1494 2067 Salomon
1509 2025 1764 2066 sinceritate
1778 2023 2036 2081 priuilegia-

353 2097 426 2133 tus
447 2097 525 2133 tue
543 2093 640 2133 suis
660 2092 958 2148 pertinaciam
979 2092 1244 2133 temeritatis
1263 2097 1308 2133 et
1327 2092 1492 2133 inercie
1511 2091 1753 2133 confundit
1772 2091 2037 2132 assercioni-

352 2158 453 2207 bus,
486 2158 569 2200 sed
603 2164 648 2200 et
681 2158 757 2200 alii
789 2173 1007 2215 supreme
1039 2159 1289 2200 sanctitatis
1322 2159 1516 2200 sciencia
1547 2149 1727 2199 fluenti⁵
1759 2157 1910 2199 sobrie
1941 2171 2037 2199 non

352 2227 506 2267 minus
522 2240 664 2282 quam
681 2225 922 2268 salubriter
937 2225 1145 2268 inebriati
1161 2231 1242 2267 tuo
1258 2226 1387 2267 seriis
1403 2226 1545 2267 errori
1561 2225 1784 2282 derogare
1799 2237 2035 2267 mansues-

351 2298 461 2335 cunt
501 2294 822 2350 expressisque
861 2284 1360 2335 sermocinacionibus.⁶
1399 2292 1536 2335 Unde
1576 2292 1768 2349 quidam
1808 2292 2036 2349 sapiencie

351 2360 491 2403 fontis
515 2360 796 2403 indeficienti
819 2361 1094 2417 scaturigine
1116 2360 1380 2417 crapulatus
1403 2361 1572 2402 sensati
1595 2361 1658 2402 sic
1682 2361 1756 2409 ait,
1778 2359 2035 2401 Salomonis

351 2428 479 2470 velut
512 2428 723 2470 alludens
757 2428 1105 2470 assercionibus:
1140 2429 1387 2470 Ciuitatem
1420 2433 1626 2469 sanctam
1658 2427 1756 2469 vidi
1789 2426 2034 2469 Ierusalem

352 2495 712 2538 descendentem
736 2497 854 2538 sicut
878 2509 1100 2552 sponsam
1123 2496 1224 2538 viro
1249 2509 1336 2538 suo
1360 2494 1607 2537 monilibus
1632 2500 1853 2537 ornatam.
1877 2493 1966 2536 Sed
1990 2498 2035 2536 et

352 2563 450 2605 aliis
485 2564 617 2620 quasi
651 2564 748 2606 suis
783 2563 994 2605 alludens
1028 2563 1206 2605 eisdem
1240 2564 1304 2605 sic
1339 2563 1485 2619 inquit
1519 2563 1566 2604 in
1599 2561 1939 2604 elocucionibus
1973 2560 2033 2603 ad

351 2631 549 2673 eandem
569 2631 629 2673 de
648 2631 747 2673 celo
766 2632 830 2673 sic
850 2631 1062 2688 adeoque
1081 2630 1395 2687 sollempniter
1414 2630 1785 2679 descendentem,
1804 2629 1876 2671 sui
1895 2642 2034 2671 suum

425 2818 435 2839 ¹
454 2824 606 2870 predius
623 2825 646 2858 S

424 2873 437 2895 ²
454 2886 540 2914 tuus
557 2881 579 2914 S

423 2928 437 2950 ³
453 2934 655 2979 figuratum
673 2935 696 2968 S

423 2984 437 3007 ⁴
453 2989 636 3024 declarate
652 2990 675 3024 S

423 3039 437 3061 ⁵
453 3046 609 3080 sciencie
625 3046 774 3080 fluentis
791 3047 814 3080 S

422 3095 437 3118 ⁶
453 3102 785 3136 sermocinantibus
802 3103 825 3136 S
