2132 3346
248 500 300 525 170

248 834 299 860 175

249 1169 300 1193 180

249 1503 300 1528 185

250 1838 301 1863 190

250 2174 301 2199 195

251 2511 302 2536 200

361 150 450 191 128
587 157 775 191 SERIUM
796 157 1101 190 SENECTUTIS

361 297 606 339 perperam
625 283 958 338 circumspecti,
978 274 1202 324 cuiusuis¹
1223 282 1432 323 examine
1453 295 1564 323 sana
1584 281 1766 338 longius
1787 296 1813 323 a
1834 281 2043 324 discreci-

361 364 450 391 one
476 349 553 391 uel
577 349 840 391 constancia
866 349 1046 397 semoti,
1071 349 1151 404 qui
1176 362 1271 390 non
1296 339 1563 404 antequam²
1587 347 1714 404 loqui
1739 349 2044 404 pronuncian-

362 416 478 458 dum
503 417 651 473 pergit
675 415 982 457 meditacione
1006 406 1433 471 preexaminatum.³
1457 415 1598 471 Ligue
1621 414 1696 456 vel
1719 415 1811 456 oris
1835 414 2043 456 officium

361 483 603 525 sanissime
615 487 828 524 censetur
840 496 942 524 esse
955 481 1203 524 ridiculum
1216 495 1298 538 pre
1310 482 1513 538 cogitatu
1527 481 1782 531 diiudicari,
1808 480 1924 537 13οἿ
1949 495 2043 538 quo

361 564 446 592 sua
459 550 655 606 sapienti
668 554 952 606 spontaneus
965 548 1236 605 astipulator
1249 553 1458 604 assurgat
1471 549 1519 590 in
1530 549 1786 590 assercione
1797 548 2044 597 Salomoni,

361 617 489 674 quod
517 631 605 658 suo
630 630 710 658 cor
736 616 863 658 stulti
889 617 948 657 sit
973 617 1022 657 in
1047 630 1126 657 ore
1151 615 1578 657 commendabiliter
1602 629 1698 657 non
1722 616 1876 657 minus
1901 628 2043 671 quam

361 683 613 740 figuraliter
633 683 865 725 asserenti.

426 750 525 805 [12]
548 750 727 792 Talium
753 749 961 806 profecto
989 755 1175 805 tamque
1202 749 1545 805 reprobabiliter
1571 754 1616 790 et
1642 748 1900 790 inordinate
1926 748 2044 790 labia

361 818 620 859 laxancium
631 817 731 859 fore
742 817 985 873 proprium
996 830 1107 858 sane
1118 816 1350 873 peribetur
1360 815 1436 857 uel
1446 815 1904 857 consuetudinarium
1915 814 2043 871 quod

362 885 401 926 si
414 883 665 941 procedere
679 898 775 925 non
786 883 1014 925 valuerint
1027 882 1088 924 ad
1102 881 1321 924 effectum
1333 881 1408 924 vel
1420 881 1662 924 verbaliter
1674 882 1830 923 venire
1842 882 2044 924 nitantur

362 951 422 993 ad
440 950 630 999 malum,
646 949 775 1007 quod
793 951 939 992 eciam
955 950 995 991 si
1011 950 1252 1006 peruenire
1267 954 1497 1005 nequeant
1512 948 1794 1005 loquelaliter
1811 948 1871 990 ad
1887 949 2045 1004 nequi-

361 1019 480 1060 ciam
500 1017 577 1059 uel
597 1018 800 1073 cogitatu
822 1031 871 1059 se
892 1017 1193 1058 contaminari
1214 1021 1460 1072 procurent
1481 1016 1687 1072 nequicie
1709 1029 1791 1072 per
1810 1014 2044 1064 mendam,

362 1098 456 1141 quo
472 1085 512 1126 si
527 1084 717 1140 quando
733 1083 843 1126 mali
858 1083 972 1140 quid
990 1083 1118 1125 abest
1133 1097 1159 1125 a
1175 1097 1331 1132 manul
1347 1096 1443 1124 non
1457 1082 1573 1124 absit
1589 1096 1616 1124 a
1631 1082 1772 1124 corde
1786 1081 1863 1124 uel
1876 1082 2045 1138 cogita-

362 1157 425 1193 tu.
442 1151 569 1202 Quid
585 1165 699 1192 uero
715 1165 800 1192 sua
816 1164 902 1207 pro
918 1149 1219 1206 possibilitate
1234 1149 1335 1191 talis
1351 1154 1601 1205 exequatur
1617 1163 1699 1205 per
1714 1148 2045 1205 subsequencia

363 1218 685 1260 decentissime
717 1217 986 1259 declaratur:
1018 1218 1142 1259 Sicut
1173 1216 1400 1258 nouacula
1432 1221 1564 1258 acuta
1596 1215 1742 1258 fecisti
1773 1215 1949 1264 dolum,
1980 1216 2044 1257 sic

362 1285 531 1327 scilicet
543 1284 757 1341 expedite
770 1285 888 1326 sicut
901 1283 1129 1326 nouacula
1142 1283 1262 1325 radit
1275 1288 1408 1325 acuta
1422 1283 1689 1339 prompcius
1703 1288 1747 1324 et
1760 1283 1808 1324 in
1820 1281 2044 1324 facilitate.

361 1353 586 1408 Sequitur:
605 1353 657 1393 Et
674 1351 798 1408 ligua
816 1365 919 1393 mea
937 1350 1234 1392 meditabitur
1250 1351 1477 1392 iusticiam
1495 1355 1636 1398 tuam,
1653 1355 1747 1391 tota
1765 1349 1841 1391 die
1857 1349 2045 1391 laudem

363 1424 503 1460 tuam.
520 1418 703 1460 Talibus
721 1419 875 1474 itaque
891 1418 1014 1473 ligue
1029 1417 1264 1459 videretur
1281 1418 1641 1472 incompetenter
1657 1416 1901 1458 attribuere
1916 1415 2043 1471 quod

362 1485 515 1528 cordis
549 1491 618 1527 est
651 1486 865 1534 animive,
898 1485 986 1527 nisi
1019 1485 1136 1526 sicut
1169 1484 1407 1526 autenticis
1441 1484 1874 1539 antonomasiceque
1906 1483 2045 1524 sacris

362 1553 528 1610 legitur
543 1554 592 1595 in
607 1553 858 1609 scripturisl
874 1552 1276 1609 approbatumque
1292 1552 1522 1593 invenitur
1538 1552 1586 1593 in
1601 1551 1794 1607 paginis,
1809 1549 1937 1607 quod
1954 1563 2045 1592 vox

363 1621 424 1662 ita
451 1620 744 1662 vociferantis
773 1619 944 1662 Christi
972 1620 1036 1661 sic
1064 1633 1318 1661 consonare
1346 1618 1637 1675 perhibeatur
1664 1617 1794 1660 cordi
1823 1616 1967 1674 (quod
1996 1616 2044 1659 id

363 1687 491 1744 quod
517 1693 586 1729 est
610 1687 764 1729 cordis
790 1686 1063 1729 attribuatur
1087 1686 1172 1742 ori)
1198 1687 1330 1728 cuius
1355 1685 1479 1742 ligua
1503 1686 1730 1727 iusticiam
1755 1684 1921 1726 dicitur
1944 1698 2045 1726 esse

363 1754 584 1796 meditata
603 1755 689 1796 Dei
709 1753 920 1796 salutaris
941 1754 989 1795 in
1008 1753 1326 1810 predicacione
1346 1753 1549 1808 nouique
1569 1752 1839 1793 testamenti.

397 1848 400 1855 ι
427 1821 526 1875 [13]
549 1820 754 1862 Subinde
776 1820 1065 1877 subponitur:
1088 1820 1155 1861 Os
1178 1820 1286 1861 iusti
1308 1818 1603 1861 meditabitur
1625 1818 1916 1875 sapienciam.
1938 1817 2046 1859 Sen-

363 1893 460 1930 sate
474 1887 843 1944 premeditatam,
858 1887 1040 1936 scilicet,
1054 1886 1115 1928 ad
1131 1886 1327 1928 aliorum
1341 1900 1451 1927 sane
1465 1885 1667 1942 loquitur
1680 1885 2046 1932 instruccionem,

363 1969 457 2012 quo
475 1969 642 1996 sanum
660 1954 891 2011 talemque
909 1968 991 2011 per
1008 1953 1288 1995 intellectum
1305 1954 1544 2002 sermonis,
1561 1951 1689 2009 quod
1708 1952 1874 1993 mentis
1891 1955 1960 1993 est
1977 1951 2046 1992 ori

363 2021 711 2078 superficialiter
742 2021 1043 2070 attribuentis,
1075 2020 1339 2062 obliteretur
1370 2019 1498 2076 quod
1531 2033 1752 2075 apparere
1783 2018 1968 2060 videtur
1999 2018 2047 2059 in

363 2088 608 2146 superficie
622 2089 808 2130 vicium.
825 2088 1053 2130 Subicitur
1068 2093 1112 2129 et
1129 2087 1256 2129 illud:
1274 2087 1504 2129 Protector
1520 2100 1652 2128 meus
1668 2091 1713 2127 et
1727 2099 1871 2127 cornu
1887 2084 2046 2126 salutis

363 2171 477 2199 mee.
512 2156 613 2198 Cel·
658 2155 770 2213 131¹!
815 2155 972 2198 situdo
1005 2155 1173 2197 scilicet
1205 2154 1364 2196 salutis
1397 2168 1499 2196 mee
1531 2153 1693 2203 solidat
1724 2166 1818 2210 quo
1850 2152 1928 2194 tali
1959 2151 2047 2194 sub

363 2223 665 2280 intelligencia
680 2215 890 2266 cornute4
906 2222 1065 2265 salutis
1081 2222 1455 2264 inconueniencia
1470 2221 1697 2263 remocius
1714 2221 1771 2262 sit
1786 2219 2044 2262 amandata.

362 2291 676 2348 Subsequitur:
695 2291 877 2333 Uirtute
895 2291 1117 2347 precinxit
1134 2303 1209 2331 me
1226 2290 1352 2331 Deus
1372 2288 1432 2330 ad
1450 2288 1634 2330 bellum.
1654 2288 1815 2330 Carnis
1832 2286 2046 2328 videlicet

363 2373 421 2401 ne
449 2358 646 2401 fluencia
675 2358 961 2400 dissolutave
990 2357 1219 2399 desideria
1247 2370 1323 2398 me
1350 2355 1681 2398 committenda
1708 2354 1861 2397 valide
1889 2359 2046 2396 contra

362 2427 481 2468 vicia
494 2426 789 2483 prepedirent
803 2426 852 2467 in
863 2439 1067 2482 pungna'
1079 2438 1173 2481 quo
1187 2430 1282 2466 tam
1294 2429 1606 2480 competenter
1618 2422 1866 2464 verborum
1879 2435 2046 2463 conue-

363 2494 540 2536 niencia
562 2493 666 2550 plus
688 2494 810 2535 iusto
831 2492 1102 2549 procacibus
1124 2497 1351 2548 suspecta!
1370 2491 1551 2533 virtutis
1572 2489 1699 2532 velut
1719 2489 2045 2531 inconueniens

364 2566 408 2603 et
443 2560 631 2610 absonal
665 2559 836 2617 cinguli
870 2559 1133 2601 cancilletur
1167 2558 1560 2615 subpuncteturve
1594 2546 1902 2599 subcinctura⁵
1936 2569 2046 2597 sane

364 2628 517 2669 minus
538 2632 583 2669 et
603 2627 663 2669 ad
684 2626 935 2683 expediens
955 2631 1000 2668 et
1020 2625 1256 2668 intellecta.

437 2870 448 2892 ¹
466 2876 572 2911 cuius
589 2877 612 2911 S

437 2926 451 2949 ²
467 2938 552 2966 ante
568 2942 682 2978 quam
699 2933 722 2966 S

437 2983 451 3006 ³
466 2989 482 3023 1
498 2993 670 3034 transpose
685 2987 749 3034 qui
767 3014 775 3022 .
790 3014 797 3022 .
812 3014 819 3022 .
836 2987 1165 3033 preexaminatum,
1181 2986 1288 3020 which
1305 2986 1328 3019 S
1343 2985 1452 3031 places
1469 2984 1572 3030 before
1587 2995 1663 3030 quo
1680 2984 1818 3029 (4.170).

437 3038 451 3060 ⁴
466 3055 582 3079 comu
598 3050 633 3079 te
650 3045 672 3079 S

437 3094 451 3116 ⁵
467 3101 538 3135 sub
553 3101 714 3135 cinctura
732 3101 755 3135 S
