2132 3346
248 759 283 785 10

250 1094 284 1119 15

253 1429 286 1454 20

258 2505 292 2529 35

342 142 400 183 76
536 148 724 182 SERIUM
746 146 1051 182 SENECTUTIS

341 274 510 317 Iudicis
530 273 699 316 offensi
716 273 908 315 veniens
928 285 1034 314 reus
1054 271 1175 313 ultro
1194 270 1271 312 uel
1289 284 1459 319 errans,

403 343 545 384 Actor
565 340 626 383 ad
647 340 886 383 arbitrium
905 352 1096 396 querere
1116 337 1322 394 dampna
1340 337 1478 379 venit.

342 408 475 451 Ultro
495 407 572 450 dei
591 398 900 463 quecumque1
922 406 996 448 sui
1015 419 1128 461 gens
1147 405 1311 446 excitat
1330 404 1446 446 iram

403 475 582 530 Desipit
602 473 838 516 offensum
857 477 1023 528 sponte
1042 470 1240 513 colendo
1260 470 1416 518 deum;
1449 469 1560 525 112¹!

342 541 491 583 Seruit
509 546 562 583 ut
581 540 802 596 insipiens
822 552 908 581 sua
927 542 1094 594 sponte
1113 536 1344 593 stipendia
1363 535 1577 592 perdens,

404 608 531 650 Dum
550 606 730 649 domini
750 610 932 648 motum
952 605 1118 647 mentis
1138 602 1319 645 acerbat
1338 603 1472 644 iners.

343 676 428 717 Vix
449 675 595 716 eciam
615 673 702 715 sibi
720 686 863 715 verna
882 685 1023 728 veges
1043 671 1290 713 dominum
1308 669 1425 712 bene
1445 674 1627 726 gratum

404 742 595 791 Senciet'
614 739 850 783 offensum
869 738 1112 782 fraudibus
1131 751 1281 794 usque
1300 737 1410 786 suis;

343 809 478 851 Solus
498 809 623 850 enim
642 807 759 849 bene
779 811 907 863 grata
927 820 1014 848 suo
1034 805 1227 847 seruicia
1246 817 1410 846 seruus

406 875 626 918 Prestabit
646 874 840 916 domino
860 872 986 915 fidus
1007 885 1260 928 amansque
1279 870 1438 919 fidem;

344 944 517 999 Sponte
536 942 610 984 sui
628 942 706 983 vix
725 954 869 982 verna
887 939 1047 981 valens
1067 942 1306 994 exasperat
1325 937 1422 979 heri

406 1009 550 1051 Bilem
569 1022 652 1065 per
671 1007 848 1056 sordes,
869 1006 986 1048 dum
1006 1005 1092 1047 sibi
1111 1005 1253 1047 seruit
1272 1005 1420 1060 inops.

345 1077 471 1119 Gens
491 1076 630 1133 igitur
650 1074 794 1117 delira
813 1075 913 1116 Deo
934 1073 1153 1130 prepucia
1174 1071 1434 1128 dampnans

407 1144 460 1185 Et
479 1143 672 1184 seruiuit
691 1155 831 1198 egens
851 1141 987 1182 cessit
1006 1145 1051 1181 et
1070 1139 1192 1181 ultro
1212 1138 1346 1187 dolis;

346 1211 610 1252 Murmurat
629 1214 682 1251 ut
701 1208 858 1250 fatuus
877 1212 922 1249 et
942 1220 1135 1249 munera
1155 1206 1296 1247 sumit
1316 1206 1483 1261 ineptel

407 1278 451 1319 A
471 1277 665 1319 domino
685 1274 889 1317 famulus
909 1287 1148 1316 murmure
1168 1272 1315 1314 factus
1336 1273 1469 1313 iners.

346 1345 519 1401 Sponte
539 1357 624 1385 sua
644 1357 694 1385 se
713 1343 910 1399 quisque
929 1340 1036 1383 facit
1055 1340 1211 1382 fatuus
1231 1338 1351 1381 male
1371 1338 1567 1394 dignum

408 1411 605 1453 Munere
624 1408 833 1451 munifici
853 1421 1092 1450 murmure
1110 1420 1253 1448 verna
1272 1419 1373 1455 suo;

348 1479 558 1534 Quisque
578 1490 717 1533 sagax
738 1477 876 1533 igitur
897 1475 1014 1517 dum
1033 1475 1175 1516 seruit
1195 1473 1253 1515 ab
1272 1486 1351 1515 ore
1371 1472 1539 1528 releget

409 1545 666 1587 Murmuris
686 1543 895 1586 officium
915 1542 1098 1599 longius
1119 1555 1257 1583 omne
1276 1540 1434 1582 libens.

414 1679 485 1734 [1.]
508 1669 791 1735 Antiquitas²
821 1678 967 1720 eciam
999 1676 1196 1718 deorum
1227 1674 1410 1732 pridem
1440 1673 1528 1715 sub
1557 1672 1815 1730 pluralitate
1846 1676 1941 1713 tam
1971 1675 2034 1712 te-

350 1748 545 1789 meraria
559 1745 798 1802 modoque
813 1750 908 1787 tam
923 1742 1236 1786 subsannabili
1249 1741 1582 1789 commenticia,
1596 1740 1934 1794 numinumque
1947 1736 2035 1779 sub

350 1813 648 1856 multitudine
662 1813 754 1868 (cui
766 1811 1065 1854 coambulum
1077 1811 1154 1852 vix
1167 1823 1269 1851 esse
1281 1808 1358 1850 uel
1370 1822 1397 1850 a
1410 1808 1673 1864 propinquo
1685 1805 2035 1848 subsecutiuum

350 1880 464 1937 quid
481 1880 724 1922 consueuit
740 1878 989 1921 honestum
1005 1876 1081 1919 uel
1096 1876 1324 1918 honestati
1341 1874 1566 1917 socialiter
1581 1862 1921 1926 adlateratum³)
1940 1875 2035 1912 tam

350 1946 736 2004 cachynnabiliter
772 1958 963 1987 erronea
1001 1958 1111 1986 suos
1150 1943 1310 1985 asserit
1347 1941 1518 1983 ultores
1556 1939 1904 1982 mendaciorum
1941 1950 2037 1979 non

351 2016 506 2057 minus
521 2019 697 2056 atroces
711 2027 854 2070 quam
868 2016 1112 2070 promptos
1125 2015 1170 2052 et
1184 2008 1483 2052 inexorabiles
1497 2008 1698 2049 extitisse
1711 2005 1826 2048 deos
1840 2004 2036 2047 detesta-

351 2082 606 2138 biliumque
622 2080 910 2123 delictorum.
926 2078 1134 2121 Triuialis
1151 2068 1376 2134 profecto⁴¹
1392 2076 1501 2118 satis
1517 2080 1586 2117 est
1601 2079 1646 2116 et
1662 2074 1710 2116 in
1723 2073 1835 2122 udo,
1851 2071 2036 2114 triuiali·

353 2155 511 2207 terque
529 2150 646 2198 trita,
663 2148 895 2205 lippisque
912 2160 1009 2188 non
1025 2146 1179 2188 minus
1197 2158 1339 2202 quam
1356 2143 1493 2185 luscis
1511 2142 1684 2184 lumine
1701 2138 2036 2183 cecucientibus

352 2222 462 2259 nota
487 2230 574 2258 suo
599 2216 698 2258 Bati
723 2205 979 2257 mendacis⁵
1005 2227 1090 2270 pro
1115 2211 1358 2254 mendacio
1384 2215 1602 2268 prompto
1627 2212 1870 2266 procurata
1907 2204 2025 2263 112Ἴ

352 2282 781 2327 commendabiliter
797 2296 823 2324 a
839 2281 1072 2324 Mercurio
1090 2279 1381 2322 meritissima
1398 2277 1611 2320 mutacio.
1628 2276 1958 2318 Verumtamen
1973 2272 2036 2323 id,

352 2357 404 2395 ut
424 2351 563 2394 michi
581 2350 742 2393 videre
760 2349 938 2398 videorl
957 2338 1225 2404 Maiugene⁶
1245 2346 1516 2389 demeritam
1537 2344 1692 2400 magni
1711 2332 1913 2385 modice⁷
1931 2340 2037 2383 facit

354 2419 414 2462 ad
455 2417 917 2461 commendacionem
958 2415 1172 2458 laudisue
1214 2413 1418 2471 gloriam.
1460 2413 1643 2468 Nempe
1683 2424 1790 2452 cum
1831 2409 2037 2451 Phicium

354 2487 529 2543 dispari
547 2485 703 2528 fistula
723 2490 994 2541 septemque
1013 2483 1170 2524 cannis
1190 2481 1538 2536 alternatimque
1556 2493 1606 2520 se
1625 2478 1800 2535 positis,
1819 2481 2038 2532 rutroque

354 2552 573 2610 pastorali
586 2552 663 2594 uel
675 2551 854 2601 baculo,
869 2550 1079 2607 pelleque
1094 2549 1295 2606 pastoria
1309 2546 1538 2604 penulaue
1552 2544 1838 2602 pastoraliter
1850 2555 2039 2598 compo-

429 2752 440 2774 ¹
458 2757 686 2803 quicumque
702 2757 725 2790 S

428 2807 442 2829 ²
459 2815 481 2847 S
498 2813 549 2847 ad.
568 2823 676 2859 prosa
694 2812 728 2846 in
747 2821 850 2857 marg.

428 2863 443 2885 ³
458 2869 704 2903 adlateratum
722 2869 756 2908 S,
772 2866 1007 2902 adlateratun'
1025 2865 1062 2900 S‘

428 2920 443 2942 ⁴
459 2924 636 2971 profectio
653 2925 676 2958 S

429 2976 443 2999 ⁵
459 2992 528 3016 suo
546 3008 553 3015 .
568 3008 575 3015 .
590 3007 597 3015 .
615 2978 819 3023 mendacis]
837 2989 904 3013 sua
922 3005 929 3012 .
945 3005 952 3012 .
967 3005 974 3012 .
992 2977 1190 3012 mendaces
1207 2977 1230 3011 S

429 3031 444 3054 ⁶
460 3038 661 3084 Manigene
677 3038 700 3071 S

430 3088 445 3111 ⁷
460 3095 652 3129 modicum
670 3095 693 3128 S
