2132 3346
247 1249 298 1274 235

247 1584 298 1609 240

247 1920 298 1945 245

247 2591 297 2617 255

361 165 451 206 192
587 173 775 206 SERIUM
796 174 1102 207 SENECTUTIS

361 296 735 339 admiracionem.
748 297 1088 340 Nichilominus
1101 312 1156 340 ex
1170 297 1335 339 talibus
1348 298 1683 340 inmortalitatis
1696 299 1848 340 anime
1859 298 2043 355 qualem

361 377 545 405 sumere
567 355 655 405 fas¹
681 363 782 413 fuit,
805 369 850 405 et
874 363 1027 405 adhuc
1052 363 1259 405 fortassis
1282 355 1370 405 est²
1394 365 1798 420 presumpcionem
1821 365 2044 407 verisimi-

361 429 630 471 litudinisue
646 429 954 486 superficiem,
971 431 1212 486 presertim
1227 443 1336 471 cum
1352 431 1462 471 satis
1479 430 1761 472 admissibile
1777 431 1836 472 sit
1851 430 1927 472 uel
1942 444 2044 473 esse

360 495 575 537 videatur
591 509 768 538 meram
785 510 868 552 per
884 497 1038 538 minus
1055 497 1201 538 eciam
1216 496 1481 538 verisimilia
1498 497 1653 538 conari
1668 496 2043 539 commendabili-

361 567 429 604 ter
448 567 652 604 astruere
670 563 923 605 veritatem.

425 629 524 683 [17.]
547 630 699 671 Preter
712 629 796 671 hec
811 644 906 686 quo
921 644 1004 686 per
1018 630 1445 686 antiquissimorum
1458 630 1612 679 verba,
1627 631 1954 680 sentenciasve,
1967 630 2044 673 uel

361 697 642 738 asserciones
661 710 901 753 expressas
921 696 1073 738 adhuc
1092 696 1168 738 uel
1186 696 1473 753 aliquatenus
1493 696 1697 739 alludere
1715 711 1962 754 pergamus
1981 696 2042 739 ad

361 763 581 820 predicta,
601 764 900 821 Trimegistus
921 763 1113 821 quidem
1147 763 1264 820 151Ἷ
1297 765 1377 820 qui
1397 764 1473 805 uel
1494 765 1689 806 Hermes
1711 765 1856 806 eciam
1877 763 2044 806 dicitur

360 831 436 874 uel
453 831 727 881 Mercurius,
742 845 852 874 cum
869 845 957 874 suo
974 845 1237 874 sermonem
1253 830 1424 874 faciens
1442 832 1613 874 satisue
1629 831 1855 874 socialiter
1869 831 2043 874 habens

360 898 617 956 Esculapio,
641 899 705 941 sic
730 899 804 941 ait:
830 899 965 941 Auus
990 913 1019 941 o
1044 899 1109 941 mi
1132 913 1235 941 care
1258 913 1448 941 consors
1474 904 1581 941 tuus
1606 899 1830 956 Esculapi,
1853 899 1934 956 qui
1957 913 2044 956 pro

360 966 457 1008 sole
485 966 603 1008 deus
629 971 699 1008 est
726 966 940 1008 inuentor
966 966 1194 1008 medicine
1220 966 1413 1023 primus,
1438 967 1513 1008 cui
1540 966 1767 1023 templum
1792 967 1910 1009 circa
1936 966 2043 1008 litus

360 1032 717 1074 cocodrillorum
751 1032 899 1074 Libies
932 1038 977 1074 et
1010 1034 1059 1074 in
1091 1038 1248 1074 monte
1281 1038 1599 1075 consecratum
1631 1025 1744 1090 quo³
1777 1033 2043 1075 mundanus

360 1099 503 1141 homo
527 1100 656 1148 iacet,
679 1100 779 1141 eius
804 1099 1019 1141 videlicet
1041 1114 1212 1156 corpus
1238 1099 1458 1156 (reliquus
1483 1114 1595 1141 uero
1620 1099 1695 1141 uel
1719 1100 1881 1156 pocius
1906 1105 2044 1148 totus,

359 1180 468 1207 cum
485 1166 543 1207 sit
560 1165 703 1207 homo
721 1171 845 1207 totus
863 1167 911 1207 in
927 1180 1068 1207 sensu
1084 1166 1191 1215 vite,
1208 1165 1370 1207 melior
1386 1167 1435 1207 in
1450 1165 1601 1208 celum
1618 1166 1872 1222 remeauit),
1888 1166 2044 1208 omnia

359 1233 481 1274 viuis
514 1233 661 1274 eciam
693 1246 816 1274 nunc
849 1232 1114 1274 hominibus
1146 1233 1336 1274 numine
1369 1237 1578 1288 prestans
1611 1232 1805 1275 infirmis
1837 1246 1928 1289 que
1959 1246 2044 1274 sua

360 1299 536 1341 solebat
564 1305 660 1341 arte
690 1305 871 1356 patrare
899 1291 1071 1341 viuus.⁴
1100 1300 1403 1356 Apertissime
1432 1299 1623 1356 quidem
1653 1299 1758 1341 talia
1787 1313 1837 1341 se
1865 1313 1950 1341 sua
1979 1299 2042 1341 sic

360 1366 554 1423 loquens
580 1366 855 1408 intellexisse
881 1366 1062 1423 reliquit
1088 1366 1438 1423 intelligendum
1464 1380 1546 1423 per
1570 1366 1710 1408 verba
1736 1366 1864 1423 quod
1891 1367 2044 1408 anima

360 1433 616 1490 specialiter
635 1433 839 1475 humana
859 1434 917 1475 sit
936 1433 1260 1475 inmortalitate
1280 1432 1578 1489 priuilegiata.

424 1500 523 1554 [18.]
546 1501 662 1542 Satis
692 1500 753 1542 ad
783 1500 910 1542 idem
938 1501 1119 1550 Senece,
1148 1501 1235 1542 viri
1264 1514 1447 1542 summe
1475 1500 1736 1542 subtilitatis
1764 1505 1809 1542 et
1837 1500 2043 1549 sciencie,

360 1568 525 1624 prioris
556 1567 780 1609 Affricani
811 1567 871 1609 de
901 1567 1104 1609 bonitate
1133 1568 1357 1624 Scipionis
1389 1567 1658 1624 diligencius
1689 1567 1842 1609 habita
1871 1566 2045 1609 faciunt

360 1639 544 1677 asserta.
565 1634 727 1677 Scribit
745 1635 870 1677 enim
889 1635 960 1677 vir
979 1635 1080 1677 viro
1101 1639 1196 1676 tam
1216 1634 1596 1676 commendabilis
1617 1634 1677 1676 de
1697 1639 1792 1677 tam
1810 1647 2044 1676 commen-

361 1701 533 1751 dando;
555 1716 643 1743 suo
665 1702 728 1743 sic
750 1701 904 1744 scribit
926 1716 1010 1743 sua
1032 1716 1118 1758 pro
1138 1701 1474 1743 consuetudine
1495 1701 1679 1743 Lucillo:
1701 1702 1855 1743 Iacens
1876 1701 1925 1743 in
1943 1701 2044 1758 ipsa

360 1770 568 1826 Cipionis
595 1769 820 1811 Affricani
846 1769 954 1811 villa
982 1769 1062 1811 tibi
1090 1769 1195 1810 talia
1222 1769 1386 1818 scribo,
1412 1769 1625 1810 manibus
1652 1769 1854 1811 adoratis
1881 1773 1926 1810 et
1952 1781 2044 1818 ara,

359 1850 501 1892 quam
526 1837 639 1878 tanti
663 1835 762 1878 fore
784 1837 872 1878 viri
896 1835 1194 1892 sepulchrum
1218 1836 1440 1892 suspicor.
1465 1827 1708 1878 Animum⁵
1732 1835 1923 1892 quidem
1947 1840 2044 1877 tan-

360 1908 461 1945 tum
475 1904 563 1945 viri
577 1904 778 1945 viuentis
794 1917 848 1945 ex
865 1917 959 1960 quo
974 1894 1182 1945 venerat⁶
1197 1904 1245 1945 in
1259 1903 1410 1945 celum
1426 1903 1600 1944 redisse
1615 1902 1876 1959 persuadeo
1891 1902 2043 1952 michi,

359 1984 455 2012 non
486 1971 594 2027 quia
627 1984 822 2027 magnos
855 1971 1079 2012 exercitus
1113 1969 1244 2012 duxit
1278 1969 1380 2026 (hos
1414 1971 1537 2011 enim
1570 1969 1808 2011 Cambises
1840 1968 2042 2011 furiosus

359 2051 539 2094 suoque
552 2037 708 2079 furore
720 2037 909 2079 feliciter
922 2051 1036 2079 usus
1049 2037 1241 2093 habuit),
1254 2037 1337 2079 sed
1352 2037 1414 2078 ob
1426 2037 1657 2093 egregiam
1670 2036 2043 2078 moderacionem

360 2105 684 2161 pietatemque,
697 2118 839 2161 quam
853 2105 1001 2160 magis
1016 2103 1221 2146 admiror
1234 2104 1282 2145 in
1294 2103 1372 2145 illo
1385 2118 1493 2145 cum
1506 2117 1641 2145 suam
1654 2103 1834 2160 reliquit
1847 2103 2043 2160 patriam

359 2185 501 2228 quam
528 2185 636 2213 cum
665 2170 886 2213 defendit.
915 2172 1011 2213 Aut
1038 2171 1162 2212 enim
1190 2170 1352 2212 deesse
1379 2171 1530 2227 Scipio
1557 2171 1701 2212 Rome
1728 2169 1937 2219 debebat,
1964 2174 2044 2211 aut

359 2239 505 2279 Roma
526 2238 733 2279 libertati.
754 2238 845 2279 Sed
866 2243 911 2279 et
932 2238 1004 2279 hic
1025 2239 1097 2279 vir
1118 2243 1270 2279 tantus
1291 2238 1392 2278 viro
1414 2237 1474 2278 de
1496 2243 1622 2278 tanto
1644 2242 1738 2278 tam
1758 2236 2044 2278 confidenter

359 2305 553 2362 loquens
586 2304 828 2347 manifeste
860 2304 990 2346 dedit
1021 2304 1210 2361 intelligi
1240 2318 1290 2346 se
1320 2304 1590 2361 corporibus
1622 2303 1797 2346 infusas
1828 2303 2042 2345 humanis

360 2373 537 2414 animas
554 2371 653 2414 fore
670 2386 766 2414 non
782 2371 1019 2414 dubitasse
1036 2371 1158 2414 solas
1175 2371 1430 2428 specialiter
1446 2370 1768 2413 inmortalitate
1785 2369 2043 2428 priuilegia-

360 2445 441 2482 tas.

424 2506 523 2562 [19.]
546 2507 623 2550 Ad
641 2507 859 2549 ultimum
875 2521 989 2549 uero
1006 2508 1114 2564 quia
1131 2507 1224 2549 iam
1240 2520 1362 2549 nunc
1380 2507 1444 2548 sic
1461 2506 1591 2548 sedet
1608 2507 1656 2548 in
1671 2506 1857 2548 instanti
1873 2518 2043 2562 propo-

360 2575 462 2624 sito,
492 2589 607 2632 quas
638 2574 699 2617 ad
731 2575 883 2617 anime
913 2574 1025 2616 fidei
1055 2574 1288 2616 Catholice
1319 2573 1481 2616 fideles
1511 2573 1703 2630 in-{52‘1
1745 2572 2042 2615 mortalitates

359 2642 562 2685 humane
589 2641 875 2700 professores
902 2641 1092 2684 indubie
1119 2642 1212 2684 iam
1238 2642 1441 2683 veritatis
1468 2642 1516 2683 in
1542 2641 1797 2683 sinceritate
1822 2639 2041 2682 solidatas

433 2831 444 2853 ¹
463 2838 486 2872 S
502 2837 553 2871 ad.
571 2843 625 2871 est
642 2837 746 2883 before
762 2837 831 2871 fuit

432 2886 446 2909 ²
463 2894 486 2927 S
502 2893 553 2927 ad.
571 2903 718 2927 sumere
734 2892 839 2939 before
854 2892 1178 2939 presumpcionem

432 2942 446 2965 ³
461 2954 716 2982 consecratum
732 2958 808 2994 quo
825 2948 859 2987 S,
874 2953 1128 2981 consecratum
1144 2952 1209 2986 est,
1226 2947 1263 2980 in
1280 2957 1356 2992 quo
1370 2946 1546 2992 Asclepius

432 2998 446 3021 ⁴
462 3003 559 3038 viuis
576 3004 599 3038 S

432 3053 446 3075 ⁵
462 3059 644 3093 Animum
661 3060 796 3099 Seneca,
812 3060 872 3093 An
888 3069 1006 3092 vnum
1024 3059 1046 3092 S

432 3109 446 3131 ⁶
462 3121 612 3150 venerat
629 3116 664 3155 S,
679 3121 755 3150 erat
772 3116 895 3149 Seneca
