2132 3346
243 510 278 535 40

243 842 278 868 45

245 1513 280 1537 55

246 2183 281 2209 65

248 2521 282 2545 70

339 158 396 200 78
533 165 721 199 SERIUM
743 164 1048 198 SENECTUTIS

339 293 489 341 titum,
516 292 628 333 iuris
656 290 776 333 adeo
804 291 1019 347 peritum,
1046 290 1552 346 prenoscicatoremque
1579 289 1899 332 medicinalem
1927 294 2023 331 tam

338 360 726 415 circumspectum
764 357 1122 413 futurorumque
1161 362 1257 398 tam
1296 357 1551 413 sapientem
1590 356 2022 413 precircumuenerit

339 425 679 482 specialemque
697 416 977 481 presagum,1
997 423 1114 466 dum
1131 423 1277 466 boues
1295 423 1394 465 eius
1412 423 1636 465 subtiliter
1653 422 1918 479 preabactas
1936 422 2024 465 sibi

339 492 562 535 subtraxit
584 491 805 534 vmbrosa
827 490 944 533 silue
967 490 1056 533 sub
1078 489 1354 533 obscuritate
1376 495 1556 532 sensate
1579 490 1688 532 satis
1711 490 2024 546 sagaciterque

339 558 730 616 preabsconditas.

404 625 475 680 [2.]
497 626 642 682 Atqui
674 626 755 682 qui
788 630 884 667 tam
917 625 1066 666 scium
1100 629 1287 680 tamque
1319 628 1508 666 cautum
1541 637 1627 666 sua
1658 622 1895 665 cauillator
1927 627 2024 665 arte

339 692 620 734 cauillatoria
651 691 796 733 deum
825 690 1233 733 circumueniendo
1264 689 1748 746 predampnificauerit
1777 689 2024 731 enormiter

340 758 551 815 adeoque
566 757 782 800 diuinum
795 757 859 799 nil
874 756 1017 814 glorie
1030 756 1243 798 laudisue
1256 756 1412 798 rustici
1426 755 1634 798 ruraliter
1646 756 1764 798 ruris
1777 755 2024 811 morigera-

340 826 387 875 ti,
406 825 769 881 rusticaliterque
788 815 1034 881 poronati,²
1053 823 1129 865 uel
1148 823 1338 865 aratoris
1358 822 1458 879 lege
1477 822 1565 864 sub
1583 822 1759 879 agraria
1778 821 2024 879 professio-

339 892 501 935 naliter
522 892 718 934 instituti
739 891 992 948 promereri
1014 891 1166 947 potuit
1187 891 1236 932 in
1255 890 1665 939 circumuencione;
1687 888 1842 931 fallere
1863 901 2024 931 reuera

339 959 549 1002 fallacem
583 958 861 1001 cauillatoris
895 957 1144 1000 bellissime
1178 956 1285 999 facit
1319 956 1380 999 ad
1414 955 1874 998 commendacionem
1907 954 2025 997 bene

339 1027 659 1083 circumspecti
699 1025 1025 1067 cauillatorem.
1068 1023 1500 1066 Commendabilem
1539 1022 1616 1065 uel
1655 1023 1704 1065 in
1742 1022 1830 1065 hoc
1870 1027 2027 1064 tamen

340 1093 578 1150 opidoque
605 1097 844 1135 sensatum
871 1092 996 1134 Maie
1022 1082 1276 1133 censerem³
1303 1090 1402 1132 fore
1429 1090 1578 1132 filium
1605 1089 1733 1147 quod
1762 1089 1849 1132 sibi
1874 1088 1951 1131 uel
1978 1089 2027 1131 in

341 1160 517 1202 duricia
539 1160 785 1202 ruralitatis
806 1159 924 1201 belle
945 1159 1260 1201 conuenientis
1283 1157 1555 1200 mendacem
1577 1156 1822 1214 penalitate
1842 1156 2026 1213 puniuit

341 1227 460 1270 adeo
480 1227 661 1276 rudem,
681 1232 868 1283 tamque
887 1217 1163 1282 procacem)1
1181 1229 1594 1280 contumacemque
1613 1223 1913 1280 proditorem,
1931 1236 2026 1279 quo

340 1295 500 1336 ceteris
524 1294 788 1336 rusticitatis
811 1294 860 1335 in
882 1292 1058 1335 duricia
1081 1292 1167 1334 sibi
1189 1291 1415 1334 similibus
1438 1291 1560 1348 ligue
1583 1290 1818 1333 mendacis
1841 1290 2026 1347 orisque

341 1361 446 1418 plus
479 1362 602 1403 iusto
634 1361 840 1417 procacis
873 1360 990 1416 lapis
1023 1364 1243 1416 appareat
1275 1358 1335 1400 ad
1367 1359 1720 1414 castigacionem
1751 1357 2025 1413 diuciusque

342 1428 619 1470 duraturum
638 1427 956 1484 castigacionis
977 1426 1037 1468 ad
1058 1430 1396 1483 argumentum.

405 1495 476 1549 [3.]
498 1494 589 1537 Sed
606 1508 770 1536 vereor
788 1508 847 1536 ne
864 1499 960 1536 tam
978 1493 1198 1550 pertinaci
1215 1492 1477 1535 rusticitatis
1495 1492 1543 1533 in
1560 1481 1754 1533 duricia⁵
1772 1495 1867 1532 tam
1883 1490 2026 1532 conti·

341 1577 433 1605 nue
449 1561 932 1619 professionaliterque
949 1561 1299 1618 perseuerantis,
1315 1559 1526 1616 adeoque
1541 1559 1829 1616 pertinaciter
1843 1557 2026 1600 vniuer-

342 1621 482 1680 salis,⁶
507 1629 747 1687 quodlibet
774 1628 1095 1685 argumencale
1120 1627 1436 1684 castigacionis
1463 1626 1585 1683 ligue
1611 1625 1846 1668 mendacis
1873 1625 2026 1667 orisue

342 1698 630 1754 procacitatis
657 1697 793 1738 inane
819 1697 878 1738 sit
904 1701 949 1738 et
976 1695 1187 1737 inefficax
1214 1694 1590 1737 abanimatiuum.
1631 1692 1744 1749 {13¹1
1781 1692 2027 1734 Rarissime

341 1764 534 1821 quidem
554 1762 946 1820 presumpcionali
965 1763 1183 1818 cuiquam
1204 1760 1273 1804 fas
1295 1760 1381 1803 fuit
1401 1760 1477 1803 uel
1497 1759 1688 1802 facultas
1709 1758 2027 1815 castigacione,

341 1830 576 1873 verbaliue
605 1830 682 1872 uel
710 1829 1045 1878 commenticia,
1073 1829 1247 1870 vicium
1275 1827 1486 1870 funditus
1516 1826 1756 1868 obliterare
1784 1823 2027 1882 temporali

343 1898 643 1940 diuturnitate
657 1896 1110 1940 consuetudinatum.
1125 1895 1221 1938 Tali
1234 1894 1441 1952 profecto
1453 1895 1531 1936 vix
1545 1894 1594 1936 in
1605 1907 1717 1935 casu
1728 1896 2026 1935 consumatos

342 1964 510 2007 habere
538 1969 882 2007 consueuerunt
910 1962 1102 2005 effectus
1132 1961 1386 2004 laudabiles
1415 1961 1561 2003 eciam
1589 1951 1762 2002 mores⁷
1790 1958 2028 2015 allegacio-

342 2046 468 2074 num.

407 2098 478 2153 [4.]
500 2099 870 2155 Uerumptamen
901 2097 961 2139 ad
994 2110 1229 2139 summam
1262 2095 1399 2137 talem
1430 2109 1480 2137 se
1511 2107 1712 2150 suasque
1742 2094 1806 2135 sic
1838 2093 2026 2135 iniurias

342 2166 638 2209 ulciscentem
654 2164 799 2208 deum
814 2164 967 2207 dicere
982 2177 1078 2206 non
1092 2162 1353 2206 dubitarem
1369 2161 1656 2204 derisibiliter
1671 2159 1883 2209 delirum,
1897 2158 2026 2216 quod

343 2233 631 2291 proditorem
652 2233 878 2275 rusticum
899 2223 1027 2274 suas⁸
1049 2245 1137 2273 suo
1158 2231 1368 2273 examine
1390 2229 1476 2272 sibi
1496 2229 1704 2285 nequiter
1725 2227 1871 2270 illatas
1893 2226 2027 2269 ulcis-

342 2301 492 2343 cendo
506 2300 728 2358 penaliter
740 2300 928 2342 iniurias
942 2299 991 2341 in
1002 2297 1278 2341 inmutando
1290 2296 1458 2354 lapidis
1471 2297 1519 2338 in
1530 2295 1854 2344 substanciam,
1866 2293 2028 2336 fecisse

343 2383 439 2410 non
463 2367 791 2410 animaduertit
817 2381 867 2408 se
893 2366 979 2408 sibi
1004 2364 1460 2407 consubstancialem.
1486 2364 1604 2405 Suos
1629 2363 1799 2404 etenim
1826 2361 1955 2410 deos,
1980 2361 2029 2403 in

344 2435 520 2478 duricia
534 2435 862 2477 conuenientes
877 2434 1135 2483 vniuersos,
1150 2431 1344 2489 lapideis
1359 2432 1408 2473 in
1422 2429 1728 2473 soliditatibus
1744 2428 1849 2472 fecit
1865 2427 2028 2470 adora-

342 2503 456 2545 biles
469 2503 751 2559 antiquitatis
764 2500 1089 2544 subsannabile
1101 2499 1456 2542 deliramentum
1468 2498 1557 2547 uel,
1569 2498 1608 2539 si
1620 2497 1737 2539 forte
1748 2495 2028 2538 vehementi-

417 2713 429 2735 ¹
446 2717 659 2764 presagium
677 2718 700 2751 S

416 2769 430 2791 ²
446 2773 737 2820 rusticaliterque
752 2771 962 2819 morigerati
979 2771 1148 2818 poronati
1166 2772 1189 2805 S

416 2823 431 2846 ³
447 2830 547 2865 Maie
561 2829 763 2873 censerem]
782 2828 1015 2871 Maiecensel
1020 2838 1098 2862 rem
1115 2828 1138 2862 S

416 2881 431 2903 ⁴
447 2887 673 2934 prophacem
691 2887 714 2921 S

417 2937 431 2959 ⁵
447 2942 486 2977 in
502 2941 657 2985 duricia]
675 2941 857 2976 induricia
875 2941 897 2975 S

417 2994 431 3016 ⁶
447 2998 696 3032 vniuersitatis
712 2998 735 3032 S

417 3048 432 3070 ⁷
447 3064 569 3089 mores
586 3055 621 3094 S,
637 3053 855 3097 m[er]itores
872 3053 909 3087 S‘

417 3104 431 3127 ⁸
447 3121 535 3145 suos
551 3111 575 3145 S
