2132 3346
248 549 299 574 2⁶5

246 884 298 909 270

245 1218 296 1243 275

244 1552 295 1576 280

243 1889 294 1914 285

242 2224 293 2249 290

241 2561 292 2586 295

362 132 420 174 70
557 141 745 175 SERIUM
766 141 1072 175 SENECTUTIS

362 265 426 307 do
446 279 543 307 non
561 265 783 308 formidat
803 266 932 323 quod
954 267 1145 323 Moyses
1166 272 1211 309 et
1231 268 1391 310 Aaron
1410 268 1640 325 populum
1660 269 1890 312 ordinarie
1911 270 2045 313 dimi-

360 333 543 374 nuerint
560 333 864 390 inmeritaque
881 333 941 375 de
959 333 1116 375 medio
1133 333 1352 376 fatalitate
1369 334 1635 377 deleuerint.
1651 336 1741 378 Sed
1758 336 1839 378 ubi
1854 337 2044 394 Moyses

360 403 406 440 et
429 399 590 441 Aaron
612 399 870 456 improbius
895 400 1091 457 impetiti
1114 399 1371 443 sediciones
1395 406 1440 443 et
1464 416 1703 444 murmura
1727 403 2044 461 tumultusque

359 465 687 508 vehemencius
705 466 1036 508 increbrescere
1052 467 1472 524 contemplarentur
1488 469 1734 526 minusque
1750 469 2045 513 moderatum

360 532 524 589 populi
548 546 842 582 concursum,
867 533 954 575 sibi
979 533 1267 576 consulendo
1293 548 1376 591 per
1400 534 1560 592 fugam
1586 535 1745 592 fugere
1769 535 2044 579 festinauere

360 599 530 641 federis
549 599 610 641 ad
629 599 989 642 tabernaculum.
1007 600 1098 642 Sed
1117 600 1237 642 adeo
1255 601 1475 643 derisorie
1493 602 1764 645 delirantem
1782 603 1942 646 diuina
1958 604 2044 646 Dei

361 665 534 708 deleuit
555 667 768 722 potencia
789 659 1172 723 peremptorium1
1196 667 1359 724 populi
1380 668 1726 711 multitudinem
1747 669 2044 727 subitumque

360 746 443 790 per
465 732 747 783 incendium,
769 732 918 775 donec
940 735 1101 776 Aaron
1121 735 1293 776 orantis
1315 726 1540 792 sanoque²
1562 736 1740 793 Moysis
1762 750 1817 778 ex
1839 737 2044 779 iniuncto

360 791 667 842 thuribulum³
708 801 903 843 tenentis
944 800 1005 843 ad
1047 802 1323 851 oracionem,
1363 801 1498 859 plage
1538 803 1663 845 Deus
1704 803 2043 846 inmensitatem

359 881 538 909 cessare
571 867 662 924 110ῐ
677 868 683 924 Ι
715 868 920 925 precepit
938 867 1132 910 vlcionis
1151 883 1338 926 quoque
1357 869 1663 926 penalitatem.

423 934 523 989 [18.]
546 934 768 985 Profecto,
798 934 901 977 licet
931 936 980 977 in
1008 936 1147 978 variis
1177 936 1419 978 euentibus
1449 942 1494 978 et
1524 937 1681 979 multis
1711 938 1969 980 misericors
1998 943 2044 980 et

359 1002 631 1044 mitissimus
646 1002 790 1044 homo
803 1002 994 1059 Moyses
1009 1016 1110 1045 esse
1124 1002 1360 1045 videretur
1374 1003 1605 1061 iudexque
1619 1004 1796 1061 rigidus
1809 1018 2044 1047 commen-

359 1068 662 1125 dabiliterque
686 1070 1047 1126 circumspectus
1073 1075 1118 1112 et
1143 1070 1432 1112 laudabiliter
1457 1071 1731 1121 ordinarius,
1756 1064 2043 1128 precipuam⁴

359 1140 515 1177 tamen
531 1136 600 1192 (ut
615 1136 755 1178 michi
769 1136 930 1178 videre
944 1136 1125 1192 videor)
1142 1151 1331 1179 causam
1346 1138 1768 1180 commendacionis
1783 1143 1829 1181 et
1843 1140 2043 1182 occasio-

358 1216 466 1244 nem
488 1207 584 1244 tam
605 1202 1001 1259 contemplacione
1022 1204 1203 1259 pietatis
1226 1209 1271 1245 et
1292 1204 1604 1246 misericordie
1625 1219 1766 1261 quam
1787 1206 2042 1247 seueritatis

358 1268 786 1325 iurisdiccionisque
815 1269 1094 1325 rigidissime
1124 1283 1209 1311 sua
1240 1271 1407 1311 meruit
1437 1271 1485 1312 in
1514 1271 1679 1312 iniciali
1710 1271 2041 1313 iurisdiccione.

357 1335 542 1391 Nempe
555 1349 664 1377 cum
678 1349 763 1377 sua
777 1335 982 1392 populus
997 1337 1045 1378 in
1059 1336 1269 1378 absencia
1284 1350 1397 1378 suus
1412 1337 1864 1380 subsannabilissime
1878 1337 2042 1394 depra-

357 1407 495 1443 uatus
515 1403 681 1444 erroris
702 1403 751 1444 in
770 1402 1201 1445 abhominacionem
1221 1403 1468 1445 decidisset
1489 1409 1675 1460 tamque
1695 1404 1974 1447 detestabilis
1995 1406 2043 1447 in

358 1468 706 1511 adinuencionis
720 1470 1056 1518 enormitatem,
1070 1470 1198 1526 quod
1214 1484 1380 1512 aurum
1393 1470 1584 1513 vituline
1598 1472 1766 1527 speciei
1779 1485 1875 1514 non
1887 1471 2040 1514 minus

357 1535 650 1577 artificialiter
665 1550 808 1592 quam
825 1536 1170 1592 reprobabiliter
1186 1537 1234 1578 in
1250 1536 1449 1579 formam
1466 1537 1842 1594 transfiguratum
1859 1551 2042 1580 summe

357 1601 540 1644 deitatis
566 1602 835 1644 excellencie
862 1602 1189 1645 detestabiliter
1214 1603 1433 1645 deliratus
1460 1618 1715 1660 preponere
1739 1618 1835 1647 non
1859 1604 2040 1647 erubuit

357 1669 675 1726 geniculariter
693 1669 940 1712 adoratum
961 1670 1072 1727 (quo
1092 1670 1253 1713 talium
1272 1670 1373 1713 talis
1393 1671 1608 1713 adoracio
1628 1677 1814 1729 tamque
1832 1671 2040 1714 terribilis

357 1737 554 1779 auaricie
592 1737 894 1780 diuturnioris
932 1738 1124 1795 aurique
1161 1738 1258 1781 sitis
1296 1737 1449 1781 future
1487 1738 1759 1782 sordidioris
1796 1738 1959 1782 efficax
1995 1744 2040 1782 et

356 1806 835 1862 competentissimum
860 1807 984 1848 sumi
1008 1807 1155 1863 possit
1180 1807 1229 1848 in
1252 1812 1578 1863 argumentum
1602 1808 1860 1864 presagiiue
1884 1808 2041 1850 verisi-

356 1872 477 1914 milis
490 1874 539 1914 in
550 1873 941 1929 probamentum),
953 1875 1076 1916 mitis
1089 1875 1439 1930 misericorsque
1450 1876 1522 1916 vir
1532 1875 1736 1931 Moyses,
1746 1875 2040 1917 caduceator-

356 1953 446 1996 que
477 1939 679 1982 clemens
711 1946 756 1982 et
787 1940 1166 1990 humanissimus,
1198 1941 1499 1998 indicansque
1530 1942 1792 1991 iustissime,
1824 1941 1963 1984 iudex
1995 1947 2040 1984 et

356 2008 772 2056 mansuetissimus,
786 2007 889 2049 licet
903 2008 968 2049 ira
983 2013 1107 2049 tante
1121 2009 1359 2064 prauitatis
1373 2008 1518 2064 opido
1532 2022 1618 2064 pro
1631 2009 1857 2065 prauitate
1870 2014 2040 2057 motus,

356 2073 475 2115 adeo
505 2075 735 2130 peruersis
766 2073 978 2131 adeoque
1007 2066 1299 2131 proteruite1⁵
1329 2075 1377 2117 in
1405 2076 1703 2132 peruersitate
1732 2074 2039 2132 pertinacibus

355 2140 600 2182 efficaciter
619 2155 750 2183 orare
770 2142 1085 2198 perseuerauit
1105 2155 1190 2198 pro
1210 2142 1636 2198 preuaricatoribus.

419 2207 519 2262 [19.]
541 2208 897 2258 Nichilominus,
911 2214 963 2250 ut
978 2208 1117 2250 iudex
1133 2210 1444 2251 sensatissime
1458 2210 1817 2266 circumspectus
1832 2209 2040 2251 iurisdic-

354 2276 498 2317 cionis
515 2280 561 2317 et
578 2276 626 2317 in
641 2277 862 2318 exercicio
879 2276 1209 2332 prouidissime
1226 2277 1432 2333 pertinax
1448 2282 1493 2318 et
1510 2276 1868 2333 prudentissime
1884 2289 2038 2333 veges,

355 2342 637 2384 ordinariam
649 2348 744 2385 tam
757 2342 1038 2385 detestabilis
1050 2357 1100 2385 se
1112 2343 1454 2400 promptificare
1467 2344 1838 2400 transgressionis
1851 2357 2039 2400 promp-

355 2409 546 2452 tificauit
570 2409 764 2452 vlcionis
790 2410 851 2452 ad
876 2411 1214 2460 execucionem,
1239 2410 1441 2453 iudiciali
1464 2412 1731 2467 cognicione
1757 2410 2039 2453 tribunaliter

354 2491 482 2527 usus,
508 2477 624 2519 dum
649 2478 864 2534 proiectis
889 2491 1004 2534 quas
1043 2477 1160 2534 11οἼ
1196 2492 1339 2520 manu
1364 2478 1569 2534 gestabat
1592 2477 1834 2520 confractis
1859 2477 2038 2527 tabulis,

355 2545 494 2586 trium
516 2545 772 2601 vigintique
795 2544 976 2587 milium
999 2544 1126 2587 vitali
1148 2546 1323 2587 cruoris
1347 2544 1574 2587 effusione
1598 2550 1828 2587 tantarum
1850 2545 2037 2602 purgari

354 2611 584 2668 populum
618 2613 885 2669 procurauit
918 2626 945 2654 a
979 2613 1205 2669 prauitate
1239 2613 1674 2669 preuaricacionum.
1709 2613 1819 2655 Non
1852 2613 2037 2669 ignarus

426 2855 437 2877 ¹
456 2862 743 2909 peremptoriam
760 2863 783 2897 S

425 2911 439 2933 ²
454 2927 623 2963 canoque
639 2918 662 2952 S

425 2968 439 2990 ³
456 2973 645 3008 thuribulo
661 2975 684 3008 S

425 3023 439 3045 ⁴
455 3030 674 3076 precipuum
692 3031 715 3064 S

425 3079 439 3101 ⁵
455 3086 684 3132 proteruiter]
702 3086 905 3133 prudenter
920 3087 943 3120 S
