2132 3346
229 961 281 986 410

230 1295 282 1320 415

231 1630 284 1655 420

232 1966 284 1991 425

234 2301 286 2326 430

340 143 398 184 98
535 150 723 183 SERIUM
745 149 1050 183 SENECTUTIS

341 267 516 317 lucum¹
554 274 646 330 120r
660 275 667 330 Ι
702 265 923 315 Cirillius²
945 273 1137 315 Antonii
1159 271 1388 328 prefectus
1412 271 1472 313 ad
1496 284 1639 312 naues
1662 270 1867 312 Antonio
1889 269 2025 311 fabri-

340 340 513 383 candas
535 354 704 397 magna
725 354 811 396 pro
832 344 962 396 parte
983 337 1266 387 succidisset,
1286 351 1487 394 eumque
1507 337 1571 379 sic
1593 335 1860 393 Esculapius
1882 336 2025 378 succi-

341 422 448 450 sum
469 407 659 456 doleret,
678 407 870 448 Antonii
890 405 1084 447 devictis
1104 405 1221 446 inter
1240 417 1360 460 opus
1381 404 1537 459 ipsum
1557 402 1779 459 sacrilegii
1797 401 2026 444 nefarium

342 474 563 531 partibus,
579 474 776 530 imperio
792 473 974 515 Cesaris
991 471 1199 514 fatalitati
1216 470 1498 513 destinatum
1514 469 1768 512 manifestis
1784 468 2026 526 Cyrillium

341 541 545 584 numinis
575 541 650 582 sui
678 539 854 582 viribus
884 540 933 581 in
962 552 1072 580 eum
1101 551 1242 595 quem
1270 537 1525 579 violauerat
1554 536 1709 578 locum
1738 536 1871 578 traxit
1901 534 1950 577 id
1979 540 2026 577 et

342 608 493 651 effecit
505 613 558 650 ut
570 607 633 649 ibi
645 607 943 664 potissimum
955 606 1137 648 Cesaris
1151 619 1178 647 a
1190 604 1410 647 militibus
1424 604 1602 646 occisus
1615 602 1919 652 occumberet,
1930 615 2025 659 quo

342 676 528 718 meritas
541 673 780 717 arboribus
793 673 853 716 de
864 673 1053 715 succisis
1065 686 1209 729 penas
1221 670 1456 728 penderet,
1467 669 1882 727 superstitibusque
1891 682 2027 711 suam

342 756 484 799 quam
509 732 671 799 penes³
696 740 874 783 accolas
899 740 1150 782 maximam
1175 752 1358 795 semper
1381 729 1654 780 habuerant⁴
1676 736 2027 779 veneracionem

342 809 684 866 redintegraret.

407 876 507 930 [26.]
529 866 729 918 Notum⁵
755 875 866 917 satis
893 879 962 916 est
988 874 1135 916 eciam
1161 872 1354 930 qualiter
1379 871 1525 914 illatas
1552 871 1639 913 sibi
1664 885 1747 928 per
1773 870 2027 927 periurium

343 944 514 1000 Iupiter
535 944 584 985 in
605 956 713 998 rege
734 941 1051 984 Macedonum
1073 939 1293 982 Tolomeo
1315 938 1498 996 pridem
1519 938 1656 980 fuerit
1677 937 1803 980 ultus
1825 937 2026 980 iniurias.

343 1009 607 1052 Ptolomeus
629 1009 768 1058 enim,
789 1007 1106 1050 Macedonum
1127 1020 1270 1063 regno
1292 1005 1412 1048 dolis
1433 1010 1479 1047 et
1500 1003 1920 1047 machinacionibus
1941 1002 2028 1045 sibi

342 1076 631 1125 confirmato,
662 1089 844 1117 necnon
873 1079 918 1116 et
949 1079 1136 1116 externo
1168 1078 1296 1115 metu
1327 1071 1682 1128 sompniculosis
1712 1071 2028 1127 nequiciarum

344 1144 572 1185 scrutiniis
608 1142 862 1190 obliterato,
897 1140 1210 1183 facinorosum
1244 1153 1340 1181 non
1373 1138 1642 1181 formidauit
1677 1137 1737 1179 ad
1774 1137 2028 1179 domestica

343 1215 611 1253 conuertere
633 1208 804 1251 scelera
825 1209 896 1250 vir
917 1207 1294 1250 sceleratissimus
1317 1206 1536 1248 animum.
1559 1205 1742 1261 Nempe
1763 1204 1910 1246 sorori
1931 1217 2028 1252 sue,

344 1277 513 1319 scilicet
543 1267 774 1325 Arsinoe,⁶
805 1289 966 1332 parare
998 1274 1331 1331 peremptorias
1363 1287 1458 1315 non
1487 1271 1669 1314 erubuit
1700 1270 2029 1327 affectiuasque

344 1344 576 1386 fatalitatis
600 1343 806 1392 insidias,
830 1341 998 1399 quibus
1022 1346 1067 1383 et
1092 1354 1299 1383 sororem
1323 1340 1585 1396 sororisque
1608 1338 1743 1387 filios,
1766 1351 1884 1394 quos
1907 1336 2028 1379 elato

345 1412 438 1454 iam
473 1416 581 1453 tunc
617 1410 783 1452 marito
819 1423 906 1451 suo
942 1412 1249 1465 progenuerat
1284 1407 1380 1463 regi
1414 1407 1652 1455 Lisimac0,
1685 1405 1780 1447 vita
1815 1404 2030 1461 priuaret,

345 1477 624 1521 Cassandrie
649 1476 788 1519 simul
813 1481 858 1518 et
882 1475 1009 1518 urbis
1035 1475 1341 1532 possessione.
1367 1474 1545 1516 Primus
1570 1473 1613 1515 ei
1637 1472 1723 1515 fuit
1748 1471 2029 1527 inicialisque

346 1545 483 1588 dolus
517 1544 645 1602 quod
679 1543 897 1586 simulato
930 1543 1100 1585 sororis
1133 1555 1291 1584 amore
1323 1554 1530 1583 sororem
1563 1540 1649 1582 sibi
1680 1545 1835 1596 petere
1866 1538 2030 1580 sociari

346 1613 597 1669 procaciter
614 1616 795 1668 pararet
811 1611 860 1652 in
876 1610 1237 1657 matrimonium,
1252 1609 1360 1664 quia
1376 1621 1472 1649 non
1487 1607 1615 1649 aliter
1631 1606 1691 1648 ad
1708 1606 1878 1648 sororis
1894 1604 2030 1653 filios,

345 1692 547 1735 quorum
566 1682 958 1734 preoccupauerat
976 1689 1185 1732 regnum,
1204 1675 1293 1717 nisi
1310 1673 1524 1716 simulata
1542 1687 1650 1715 cum
1668 1685 1826 1714 sorore
1843 1684 2031 1713 concor·

347 1745 424 1788 dia
450 1750 630 1802 poterat
657 1743 803 1801 (quod
830 1743 975 1800 opido
1002 1741 1310 1797 desiderabat)
1339 1741 1579 1798 peruenire
1604 1738 1914 1816 perimendos.
1939 1736 2030 1780 Sed

346 1814 454 1870 quia
484 1813 801 1870 precognitam
830 1811 1104 1854 coniectauit
1133 1800 1236 1852 sue⁷
1267 1814 1361 1851 tam
1391 1807 1657 1851 sceleratam
1687 1806 1834 1849 sorori
1863 1805 2029 1848 mentis

345 1880 690 1937 voluntatisque
727 1879 970 1928 maliciam,
1008 1878 1155 1920 sorori
1192 1891 1332 1919 suum
1369 1875 1455 1918 sibi
1491 1875 1611 1918 male
1661 1873 1778 1932 12οἼ
1826 1872 2031 1916 credenti

347 1940 556 1991 mandat⁸
592 1961 675 2004 per
708 1947 932 1989 nuncium
965 1945 1085 1988 uelle
1119 1959 1169 1987 se
1203 1945 1299 1987 suis
1333 1958 1442 1986 cum
1475 1934 1600 1985 filiis⁹
1634 1942 1707 1984 sui
1740 1940 2031 1984 consorcium

346 2016 625 2071 coniungere
649 2015 791 2071 regni,
814 2027 923 2056 cum
946 2012 1115 2069 quibus
1138 2025 1235 2054 non
1256 2011 1364 2053 ideo
1388 2024 1438 2052 se
1463 2010 1597 2066 (sicut
1620 2007 1866 2063 asserebat)
1891 2007 2030 2049 armis

346 2082 640 2124 contendisse
678 2080 807 2138 quod
845 2081 911 2122 eis
950 2079 1036 2122 sibi
1074 2079 1278 2135 saguinis
1316 2077 1606 2135 proximitate
1644 2081 1740 2118 tam
1776 2074 2030 2117 coniunctis

347 2151 523 2206 eripere
548 2162 744 2206 regnum
769 2148 1103 2205 proposuisset,
1127 2145 1211 2188 sed
1237 2144 1365 2202 quod
1391 2158 1472 2186 eos
1497 2143 1546 2186 id
1572 2143 1645 2185 sui
1671 2141 1802 2185 titulo
1827 2141 2031 2184 muneris

348 2216 588 2273 possidere
611 2215 848 2258 uoluisset.
873 2215 1058 2256 Mittere
1082 2213 1142 2255 de
1165 2212 1270 2255 hinc
1294 2211 1420 2254 illam
1444 2209 1740 2253 iurisiurandi
1763 2213 1893 2265 rogat
1916 2207 2032 2250 arbi-

348 2274 523 2332 trum,¹⁰
549 2296 644 2339 quo
671 2287 883 2339 presente
910 2281 1083 2338 patrios
1111 2284 1224 2336 aput
1251 2278 1365 2320 deos
1392 2292 1442 2319 se
1468 2277 1636 2334 quibus
1661 2276 1798 2318 vellet
1825 2275 2032 2317 obsecra-

347 2350 556 2393 cionibus
577 2349 811 2406 obligaret.

422 2582 433 2604 ¹
452 2589 475 2622 S
491 2588 542 2622 ad.
560 2598 674 2634 quem
691 2586 796 2633 before
811 2585 973 2621 Cirillius

422 2637 435 2660 ²
452 2644 614 2679 Cirillius
631 2645 666 2684 S,
680 2643 867 2678 Turullius
886 2642 1037 2677 Valerius

421 2694 436 2718 ³
452 2699 579 2747 penes]
598 2709 714 2747 penas
731 2700 766 2740 S,
781 2698 884 2746 apud
905 2697 1056 2732 Valerius

421 2752 436 2774 ⁴
452 2757 630 2792 habuerat
647 2757 670 2791 S

422 2807 437 2829 ⁵
452 2815 601 2848 Motum
618 2814 640 2847 S

422 2863 437 2886 ⁶
453 2869 622 2913 Arsinoe]
640 2869 821 2904 Arsinoae
834 2868 956 2912 lustin,
972 2867 1129 2903 Arsione
1145 2867 1168 2901 S
1201 2865 1263 2912 (le
1281 2866 1380 2901 3432
1397 2864 1466 2899 and
1479 2863 1629 2910 passim.)

423 2920 438 2942 ⁷
453 2936 492 2960 se
509 2926 531 2959 S

422 2976 437 2999 ⁸
453 2981 608 3016 mandat
623 2980 745 3025 lustin,
761 2979 941 3015 mandare
957 2980 980 3014 S

423 3031 438 3054 ⁹
453 3038 526 3073 filis
543 3039 566 3073 S

424 3088 453 3110 ¹⁰
468 3094 647 3128 arbitrum
662 3093 784 3137 lustin,
799 3092 990 3127 arbitrium
1008 3092 1031 3125 S
